2098 3546
355 377 372 419 1
376 377 563 420 UVENALIS.
761 393 806 442 317

121 468 243 534 Tempora
254 469 378 528 saevitiae,
388 470 467 519 claras
477 472 567 534 quibus
578 471 680 520 obstulit
691 471 748 522 urbi

115 549 280 612 Inlustrasqua
291 550 385 597 animas
398 550 497 614 impune
508 557 534 599 et
545 550 641 599 vindioa
652 549 737 599 nullo!

123 627 170 677 Sed
181 629 265 692 periit,
275 631 563 692 postquamCerdonibus
573 645 626 679 esse
637 631 759 681 timendus

121 709 255 774 Coeperat:
274 709 320 759 hoe
331 711 414 759 nocuit
424 711 567 759 Lamiarum
577 711 651 759 caede
662 712 779 760 madenti.

506 804 555 849 Sat.
568 801 599 850 ἰν.
630 815 652 849 V.
666 805 777 850 les-1⁵4.

413 959 517 1005 texum

363 1067 433 1123 True
444 1072 570 1142 Nobility.

135 1182 183 1258 i}
190 1173 246 1257 ,ἢεί
253 1193 324 1252 UID,
345 1195 462 1256 Catilina,
484 1197 534 1244 tuis
554 1193 679 1244 natalibus
700 1203 775 1260 atque

134 1221 247 1357 «ὦ»
331 1273 435 1340 Cethegi

132 1328 244 1405 dh&
271 1354 381 1404 Inveniet
392 1356 523 1419 quisquam
534 1355 683 1404 sublimius?
700 1369 769 1404 arma

223 1440 306 1482 tamen
316 1449 358 1482 vos

123 1512 251 1561 Nocturna
260 1521 286 1561 et
295 1512 407 1561 flammas
418 1513 530 1562 domibus
540 1514 687 1578 templisque
697 1516 801 1579 paratis,

124 1593 158 1645 Ut
163 1596 325 1644 Bracatorum
338 1597 407 1659 pueri
418 1595 591 1661 Senonumque
601 1598 717 1659 minores,

124 1675 188 1723 Ausi
199 1673 264 1738 quod
275 1673 347 1724 licoat
360 1676 442 1724 tunica
453 1677 541 1739 punire
553 1675 660 1725 molesta.

126 1757 175 1806 Sed
180 1757 266 1822 vigilat
276 1758 360 1806 consul
371 1758 508 1823 vexillaque
519 1767 601 1807 vestra
610 1765 713 1809 coerect.

125 1838 174 1886 Hie
184 1852 261 1886 novus
273 1837 392 1902 Arpinas,
403 1839 519 1904 ignobilis
530 1848 556 1888 et
566 1839 638 1888 modo
649 1839 742 1889 Romae

125 1917 282 1982 Municipalis
292 1934 375 1982 eques,
386 1918 511 1982 galeatum
522 1919 593 1984 ponit
603 1919 694 1983 ubique

124 1997 278 2048 Praesidium
290 1999 399 2047 attonitis
409 2001 469 2048 etin
479 2002 545 2047 omni
557 2006 639 2048 monte
649 1998 752 2048 laborat

124 2078 234 2127 Tantum
245 2078 321 2141 igitur
333 2093 416 2126 muros
426 2079 493 2126 intra
504 2086 562 2142 toga
572 2078 676 2127 eontulit
685 2077 722 2127 illi

127 2158 239 2208 Nominis
250 2173 279 2205 ao
288 2157 363 2214 rituti,
375 2166 494 2221 quantum
508 2158 552 2207 vix
565 2158 686 2217 Ieueade,
697 2165 816 2225 quantum

126 2237 270 2286 Thessaliae
280 2237 373 2300 eampis
384 2239 501 2286 Octavius
512 2238 614 2286 abstulit
625 2237 674 2288 udo

126 2315 250 2365 caedibus
261 2317 366 2364 assiduis
378 2315 473 2380 gladio:
494 2323 530 2365 aet
547 2317 627 2366 Roma
636 2323 773 2382 parantem,

127 2396 208 2444 Roma
217 2404 313 2459 patrem
324 2396 419 2457 patriae
430 2397 572 2446 cicaronem
582 2397 659 2447 libera
669 2397 743 2448 dixit.

127 2475 237 2538 Arpinas
246 2474 309 2523 alius
320 2473 466 2522 Volscorum
477 2476 502 2522 in
513 2483 595 2524 monte
605 2477 698 2527 solebat

125 2555 233 2602 Posoere
242 2553 375 2613 mercedes,
386 2553 465 2602 alieno
475 2554 555 2604 lassus
566 2565 652 2606 aratro
661 2576 669 2621 3

126 2632 253 2682 Nodoaam
262 2639 319 2695 post
328 2632 389 2682 haee
398 2632 529 2699 frangebat
540 2637 630 2686 vertice
640 2637 721 2688 vitem.

127 2713 156 2763 Si
166 2713 248 2762 lentus
257 2713 330 2778 pigra
340 2714 446 2764 muniret
457 2722 538 2765 eastra
548 2717 648 2766 dolabra
658 2738 664 2765 ε

126 2795 175 2843 Hie
187 2800 269 2842 tamen
280 2801 306 2842 et
315 2791 428 2842 Cimbros
438 2801 463 2844 et
473 2811 567 2844 summa
577 2796 686 2862 pericula
694 2812 776 2848 rerum
