2110 3540
391 368 545 414 omme.

246 603 248 608 '
303 598 333 652 P.
352 601 500 654 OVIDIUS
517 604 618 656 NASO.

442 760 482 796 CL.

273 896 479 967 Hypermuerira
493 907 518 952 to
532 901 659 970 lynceus.

122 996 160 1113 [sp
168 1008 236 1091 effi}
254 1021 336 1070 ΤΤΙΤ
345 1022 540 1086 Hypermestra
551 1022 581 1072 (ie
592 1028 628 1073 tot
639 1023 711 1074 modo
722 1024 803 1076 fratri·

120 1152 124 1181 Υ
139 1148 193 1215 7)Υέ
200 1204 225 1221 ψ
270 1178 360 1230 Cetera
369 1185 503 1243 nuptarum
512 1178 614 1228 erimine
625 1178 698 1234 turba
709 1179 779 1229 iaeet.

121 1259 211 1309 Clausa
222 1258 293 1306 domo
303 1264 388 1307 teneor
397 1258 562 1323 gravibusque
572 1260 678 1308 coereita
689 1259 786 1308 vinetis:

150 1339 196 1386 Est
206 1336 267 1386 mihi
278 1336 391 1402 supplicii
401 1352 484 1398 eausa,
496 1337 573 1386 tuisse
584 1339 657 1402 piam.

118 1418 190 1478 Quod
201 1432 288 1467 manue
298 1418 412 1476 extimuit
423 1417 508 1484 iugulo
518 1418 647 1468 demittere
657 1419 759 1482 ferrum,

151 1497 211 1546 Sum
222 1511 272 1545 rea.
304 1496 440 1555 laudarer,
449 1497 470 1545 ei
481 1497 559 1546 eeeius
569 1513 630 1546 ause
640 1497 725 1548 forem.

117 1576 178 1626 Esse
189 1592 256 1625 reem
266 1583 384 1641 praestat,
396 1591 470 1641 quam
481 1578 515 1626 eie
526 1576 645 1641 placuisse
654 1581 760 1642 parenti.

150 1656 208 1705 Non
217 1657 286 1721 piget
296 1657 408 1704 inmunes
417 1654 500 1704 eaedis
510 1655 601 1706 habere
611 1672 706 1708 manue.

117 1736 161 1784 Me
171 1742 242 1801 pater
253 1737 310 1801 igne
320 1735 386 1796 lieet,
398 1750 471 1799 quem
480 1751 529 1784 nen
542 1736 692 1800 violavimus,
703 1747 768 1800 urat,

150 1815 268 1878 Quaeque
278 1815 381 1864 aderant
393 1815 477 1872 saeris.
488 1815 573 1865 tendat
582 1817 609 1864 in
618 1831 662 1866 ore
673 1817 751 1874 faoes:

117 1895 173 1944 Aut
183 1895 226 1945 illo
236 1895 338 1960 iugulet,
348 1910 421 1958 quem
432 1910 481 1943 non
491 1896 554 1944 bene
563 1897 665 1947 tradidit
675 1914 766 1953 ensem,

150 1973 187 2024 Ut
196 1989 246 2038 qua
255 1989 303 2022 non
313 1973 400 2022 eeeidit
410 1974 448 2022 vir
459 1989 524 2032 neee,
537 1983 614 2039 nupta
623 1976 722 2027 eadem:

118 2053 175 2102 Non
186 2060 278 2112 tamen,
288 2061 317 2102 ut
327 2053 409 2103 dicant
419 2055 548 2104 morientia
558 2056 695 2118 ‘paenitet'
706 2071 758 2113 ora,

149 2134 253 2186 Efficiet.
285 2133 342 2183 Non
351 2141 399 2194 eet,
409 2149 483 2198 quem
493 2135 562 2200 piget
572 2150 626 2184 esse
636 2136 710 2200 piam.

117 2213 246 2263 Paeniteat
253 2213 351 2264 seelerie
362 2213 477 2262 Densum
488 2228 621 2277 saevaeque
629 2229 732 2264 eororee.

149 2303 197 2350 Hie
208 2300 269 2350 eelet
276 2306 377 2349 eventus
384 2298 450 2348 faeta
459 2297 565 2346 nefanda
575 2298 652 2361 sequi.

119 2399 171 2450 Cor
182 2405 254 2463 paret
265 2397 391 2446 admonitu
401 2401 535 2444 temeratae
546 2392 664 2456 sanguine
675 2393 761 2450 noctis,

153 2480 187 2528 Et
196 2477 292 2528 subitus
302 2476 404 2524 dextrae
412 2473 539 2542 praepedit
549 2487 604 2520 orsa
614 2478 714 2520 tremor.

122 2559 205 2620 Quem
215 2564 244 2606 tu
253 2555 326 2605 caede
336 2561 408 2618 putet
418 2553 489 2618 iungi
500 2553 608 2616 potuisse
617 2549 709 2606 mariti,

157 2636 268 2688 Scribere
278 2634 308 2684 de
317 2634 383 2684 faeta
392 2649 442 2682 non
452 2633 499 2681 eibi
507 2629 580 2680 caede
591 2631 667 2679 timet

123 2717 174 2770 sed
185 2725 267 2768 tamen
277 2715 399 2780 experiar.
426 2711 573 2761 Modofaeta
579 2705 722 2772 erepueeule
731 2706 811 2770 terrie,

156 2797 253 2847 Ultima
262 2811 321 2862 pers
331 2794 400 2856 lucie,
411 2793 539 2857 primaque
549 2789 628 2838 noetis
639 2793 705 2837 eret:

465 2887 481 2920 r
