2098 3546
218 388 266 442 ²84
361 381 592 426 euruonoeu
617 383 760 429 Mum.

218 473 339 524 Nauticus
349 476 376 524 in
386 477 461 524 remis
471 477 586 524 iuvenum
596 485 747 527 monstrante
758 477 879 542 magistro

218 552 261 600 Fit
272 568 355 614 sonus,
366 555 442 617 inque
453 555 531 602 vioem
542 561 629 602 eontra
638 570 754 619 percussa
763 556 882 604 reclamat

218 632 306 688 Terra.
317 632 437 682 salutatus
447 650 503 682 oum
514 635 626 683 Leucada
635 635 723 699 pandit
732 635 830 700 Apollo.

250 713 388 762 Incubuere
397 715 466 764 vadia
477 716 567 779 passim
579 715 718 764 discrimine
726 717 794 765 nullo

219 790 306 838 Turba
316 791 389 839 simul
398 793 530 855 primique,
540 793 626 856 nequit
637 808 763 841 seoernere
773 794 866 842 mixtos

221 872 313 934 Aequa
323 872 386 927 sitis,
396 872 495 920 frenata
504 873 555 920 suia
566 873 592 919 in
603 871 716 921 curribus
725 873 818 922 intrant

220 951 347 1009 Armenta,
358 956 384 996 et
393 948 461 1012 pleni
471 948 575 996 dominis
585 950 709 1012 armisque
719 949 835 998 feruntur

221 1026 415 1092 Quadrupedem
432 1027 477 1076 hoe
488 1028 562 1077 turbo
573 1043 660 1092 rapax,
668 1028 714 1078 hoe
723 1029 915 1078 lubrioafallunt

221 1107 297 1170 Saxa,
308 1124 354 1158 neo
364 1109 486 1174 inplicitos
496 1108 572 1157 fluvio
582 1111 722 1158 reverentia
731 1125 803 1174 reges

221 1188 363 1251 Proterere,
374 1196 418 1238 aut
428 1191 541 1238 mersisse
552 1189 616 1239 vado
626 1189 755 1238 clamantis
764 1188 836 1237 amici
847 1187 849 1194 ’

222 1268 283 1318 Ora.
315 1268 436 1319 Fremant
446 1268 536 1328 undae,
546 1268 682 1333 longusque
692 1283 708 1317 a
719 1269 827 1317 fontibus
836 1269 916 1317 amnia

222 1349 355 1414 Diripitur,
366 1350 439 1399 modo
448 1350 503 1398 lene
513 1351 595 1398 virens
605 1357 631 1398 ei
640 1351 739 1414 gurgite
748 1365 811 1414 puro

222 1429 380 1494 Perspicuae,
391 1447 456 1480 nuno
468 1429 550 1479 sordet
561 1431 633 1494 aquia
642 1438 740 1494 egestus
750 1430 783 1478 ab
793 1431 843 1479 imo

223 1509 334 1573 Alveus·
352 1511 408 1558 inde
420 1517 487 1558 toros
498 1511 609 1573 riparum
619 1517 645 1559 et
655 1517 758 1573 proruta
768 1509 870 1558 turbant

223 1587 369 1649 Graminas
362 1604 411 1636 iam
422 1603 519 1636 crassus
528 1603 652 1652 ooenoque
662 1595 688 1636 et
695 1588 795 1652 pulvere
803 1593 910 1650 torrens,

223 1667 379 1731 Quamquam
388 1667 488 1731 expleta
498 1668 562 1724 siue
572 1667 666 1717 bibitur
675 1675 764 1718 tamen.
798 1666 911 1733 Agmina

318 1745 382 1796 bono

222 1827 357 1876 Deoertare
367 1833 448 1892 putee,
458 1827 618 1890 iustumque·
609 1843 636 1877 1n
647 1829 747 1894 gurgite
757 1827 866 1876 Mariam

224 1907 367 1965 Perfurere,
379 1915 405 1958 et
416 1914 515 1972 captum
524 1905 578 1956 tolli
587 1909 720 1958 victoribus
730 1907 824 1956 urbem.

605 1987 657 2034 Lu.
670 1985 704 2033 iv.
736 1999 759 2034 v.
773 1985 888 2033 rsonae.

521 2231 618 2268 excvn.

291 2371 352 2426 Her
367 2373 457 2441 Grief
466 2390 498 2424 on
504 2372 613 2442 finding
625 2372 667 2424 the
683 2367 764 2423 child
773 2365 847 2420 dead.

227 2781 274 2832 Illa
286 2781 358 2838 redit,
369 2777 534 2844 querulaeque
544 2773 630 2822 domus
640 2770 731 2819 mirata
741 2766 847 2832 quietem
