2110 3540
226 389 271 442 236
360 380 590 424 ANrHotoals
615 379 757 423 LATINA.

225 475 259 528 Is.
268 487 362 536 preeor,
373 472 468 521 auditos
479 473 556 535 possit
567 486 666 519 narrare
676 470 813 535 triumphos

257 551 369 600 Caesaris
379 558 405 598 et
415 550 488 599 Latio
498 549 593 598 reddita
604 557 660 598 vota
670 550 739 600 Iovia

226 632 316 694 Teque,
326 629 477 690 rebellatrix,
488 629 595 692 taudem,
607 629 748 691 Germania,
758 629 843 694 magui

257 709 340 758 Triste
349 717 422 773 eaput
432 705 534 772 pedibus
545 709 699 773 supposuisse
707 707 784 757 ducis.

227 791 295 839 Haeo
304 789 364 837 mihi
376 790 418 852 qui
428 789 525 843 referet,
535 803 598 851 quae
609 803 658 836 nou
668 788 757 836 vidisse
768 787 863 850 dolebo,

257 869 302 918 Ille
312 883 380 917 meae
391 867 473 917 domui
484 868 595 933 protinus
606 868 693 931 hospes
703 868 760 917 erit.

227 951 275 999 Hei
286 949 361 998 mihi!
378 950 457 996 iamim
468 947 554 996 domus
566 947 680 1011 Scythiae
691 947 798 998 Nasonis
809 949 835 997 in
845 946 906 997 orbe

323 1029 378 1077 est?

258 1109 360 1173 Iamque
370 1123 443 1156 suum
453 1108 513 1156 mihi
523 1107 566 1155 dat
574 1121 620 1170 pro
629 1106 681 1155 lare
691 1121 770 1170 poena
779 1106 879 1156 looumi

228 1190 262 1238 Di
272 1189 353 1246 facite,
364 1196 393 1237 ut
404 1188 495 1236 Caesar
505 1202 553 1235 non
564 1187 603 1234 hie
613 1187 737 1250 penetrale
748 1187 904 1252 domumque,

260 1268 402 1332 Hospitium
411 1283 503 1332 poenae
515 1267 557 1316 sed
566 1267 625 1315 velit
635 1282 687 1316 esse
698 1269 780 1316 meae!

524 1565 611 1600 CLXVI.

439 1699 550 1769 Ooid‚oa
564 1704 605 1755 aa
618 1703 692 1773 Life.

240 1808 252 1817 .
275 1801 345 1883 ab
359 1831 586 1882 amortisatio
597 1832 661 1881 ooiui
671 1832 768 1894 fovique
778 1801 871 1895 poetas,

240 1906 330 2002 ng}
350 1918 352 1939 ¹
390 1911 505 1974 Quotque
520 1911 623 1960 aderant
638 1919 714 1973 vates,
730 1911 803 1959 rebar
817 1911 903 1960 adessa

266 2142 384 2206 Quaeque
395 2151 464 2193 neeet
475 2159 582 2208 serpeus,
591 2159 654 2207 quae
662 2144 817 2200 iuvetherba.
824 2142 918 2193 Macer.

235 2223 312 2286 Saepe
324 2239 380 2271 suos
391 2223 476 2272 solitus
488 2226 591 2273 recitare
601 2224 744 2288 Propertius
754 2226 832 2290 ignes,

266 2303 325 2350 Iura
336 2302 450 2350 sodaiioio
460 2304 502 2364 qui
511 2304 572 2351 mihi
583 2304 680 2352 iunctus
690 2311 751 2352 erat.

234 2382 352 2432 Ponticus
363 2381 446 2441 heroo,
456 2379 549 2430 Bassus
559 2397 656 2445 quoque
666 2382 746 2431 clarus
756 2382 843 2432 iambis

267 2461 356 2509 Dulcia
366 2461 489 2508 convietus
500 2461 609 2509 membra
619 2462 687 2510 fraere
698 2463 753 2510 mei.
825 2494 829 2501 -

235 2541 269 2590 lit
280 2541 358 2589 tenuit
367 2547 465 2589 nostras
474 2555 618 2590 numerosus
630 2541 748 2590 Horatius
759 2554 840 2599 aures,

267 2621 334 2668 Dum
344 2619 404 2669 ierit
415 2617 528 2669 Ausonia
537 2621 648 2669 earmina
656 2620 723 2668 auita
732 2619 795 2682 lyra

236 2699 372 2764 Virgilium
382 2701 433 2749 vidi
442 2706 548 2750 tantum.
582 2698 635 2748 Nee
647 2714 730 2748 amara
739 2697 837 2748 Tibullo

269 2776 377 2839 Tempus
385 2777 508 2826 amicitiae
519 2777 572 2826 iata
581 2776 669 2826 dedere
679 2791 754 2826 meae.
