2070 3542
240 382 283 417 122
375 365 606 410 Auulfououu
632 364 777 410 LATINA.

207 471 210 478 ·
237 459 268 506 ln
279 463 375 507 tentum
386 474 429 524 spe
440 459 510 508 tollet
521 475 589 522 avos,
601 475 646 508 uec
656 459 763 508 Romule
774 458 900 525 quondum

237 538 296 588 Ullo
305 554 331 587 se
341 546 438 588 tentum
449 539 522 588 tellus
531 540 634 588 iuctubit
645 539 753 590 alumno.

238 619 296 668 Heu
306 621 395 683 pietus,
405 619 455 668 heu
465 621 547 683 prisce
557 620 618 668 fides
637 620 777 683 invictaque
785 620 852 669 bello

238 699 362 750 Dextera!
379 715 430 749 nou
440 700 476 748 illi
487 716 513 749 se
524 701 653 764 quisquam
664 701 755 764 inpune
765 700 863 750 tulisset

239 779 331 828 Obvius
342 787 447 840 armato,
457 795 501 828 seu
512 795 568 828 cum
579 779 654 843 pedes
666 780 713 828 iret
723 781 749 827 in
761 778 866 837 bostem,

240 858 289 907 Seu
300 861 437 923 spumantis
447 861 504 920 equi
516 859 610 908 foderet
621 860 757 908 calcaribus
767 875 859 908 urmes.

240 938 297 986 Heu
317 938 455 987 miserande
467 939 544 1001 puer!
562 939 584 986 si
594 954 642 1002 que
654 938 707 986 futu
717 954 805 1002 aspere
816 954 925 1002 rumpes,

240 1017 280 1066 Tu
291 1017 423 1066 Marcellus
434 1018 489 1066 criu
523 1017 640 1066 Manibus
651 1017 708 1066 dcte
717 1017 769 1066 lilia
779 1018 859 1082 plenis

240 1096 381 1161 Purpureus
393 1113 506 1162 spurgum
517 1095 589 1145 flores
608 1098 763 1162 animumque
773 1099 870 1162 nepotis

241 1178 289 1226 His
299 1177 385 1226 saltem
394 1177 546 1227 adcumulem
558 1177 628 1226 donis
643 1185 669 1226 et
679 1177 770 1242 iunget
781 1179 848 1226 inani

242 1258 388 1308 Munere-
746 1273 771 1307 v.
784 1260 901 1310 777-886.

552 1423 623 1460 XCIV·

439 1545 579 1598 Aeneidos.
610 1539 673 1594 Lib.
687 1535 734 1592 vii.

509 1673 564 1726 The
582 1671 669 1723 Tiber.

243 1750 493 1994 QAMQUE
510 1767 656 1818 rubescebat
670 1764 746 1814 radiis
760 1778 829 1812 mars
853 1775 880 1812 et
897 1778 935 1812 as·

442 1851 511 1900 there
523 1849 554 1897 ab
566 1849 616 1896 ulto

380 1934 479 1982 Aurora
490 1932 515 1978 in
526 1930 603 1979 roseis
614 1926 726 1992 fulgebat
734 1923 803 1972 lutee
813 1923 887 1987 bigis,

244 2018 308 2068 Cum
320 2017 388 2066 venti
400 2028 502 2078 posuere
522 2011 650 2073 omnisque
663 2013 765 2070 repente
777 2003 870 2052 resedit

244 2097 340 2153 Fletus,
351 2104 377 2144 et
388 2096 414 2143 in
424 2093 491 2141 leuto
502 2091 626 2139 luctentur
636 2091 757 2135 marmore
768 2090 863 2136 tunsae,

244 2176 329 2239 Atque
340 2175 379 2224 bic
391 2175 490 2222 Aeneas
501 2173 626 2234 ingentem
637 2182 670 2216 ex
680 2179 786 2228 aequore
797 2163 881 2212 lucum

244 2254 366 2318 Prospicit
378 2269 385 2300 t
418 2253 482 2301 hunc
492 2252 558 2299 iuter
567 2248 642 2297 fluvio
653 2245 786 2294 Tiberinus
795 2257 899 2292 amoeno

245 2331 389 2381 Verticibus
399 2330 493 2393 rapidis
515 2336 540 2377 et
549 2326 627 2375 multe
637 2323 716 2373 flavus
724 2323 819 2372 harene

245 2415 277 2464 Iu
287 2428 354 2462 mure
364 2411 510 2476 prorumpit.
545 2407 640 2457 Variae
649 2406 789 2465 circumque
799 2415 924 2466 supraque

245 2495 371 2546 Adsuetue
382 2492 443 2555 ripis
452 2489 562 2538 volucres
573 2495 598 2536 et
607 2485 714 2535 fluminis
725 2482 795 2530 alveo

246 2575 358 2627 Aethera
367 2569 505 2621 mulcebunt
516 2575 590 2617 centu
607 2566 710 2628 lucoque
720 2561 842 2611 volebant.

246 2656 357 2705 Flectere
368 2653 416 2702 iter
426 2643 639 2709 sociis'terreeque
649 2643 778 2692 advertere
788 2655 878 2706 proras

246 2733 356 2796 Imperat
368 2739 394 2782 et
404 2731 484 2780 laetus
495 2727 570 2777 fluvio
579 2722 686 2774 succedit
696 2735 779 2787 opaco.
827 2803 903 2849 2⁵6
971 2753 972 2756 ,

794 2814 817 2850 v.
860 2804 911 2849 ·3.
