<?xml version="1.0" encoding="UTF-8"?>
<!DOCTYPE html PUBLIC "-//W3C//DTD XHTML 1.0 Transitional//EN"
    "http://www.w3.org/TR/xhtml1/DTD/xhtml1-transitional.dtd">
<html xmlns="http://www.w3.org/1999/xhtml" xml:lang="en" lang="en">
 <head>
  <title>
</title>
<meta http-equiv="Content-Type" content="text/html;charset=utf-8" />
  <meta name='ocr-system' content='tesseract 3.04.00' />
  <meta name='ocr-capabilities' content='ocr_page ocr_carea ocr_par ocr_line ocrx_word'/>
</head>
<body>
  <div class='ocr_page' id='page_1' title='image "./anthologialatin01thacgoog_0336.png"; bbox 0 0 2098 3546; ppageno 0'>
   <div class='ocr_carea' id='block_1_1' title="bbox 225 375 766 438">
    <p class='ocr_par' dir='ltr' id='par_1_1' title="bbox 225 375 766 438">
     <span class='ocr_line' id='line_1_1' title="bbox 225 375 766 438; baseline -0.015 -14"><span class='ocrx_word' id='word_1_1' title='bbox 225 393 273 438; x_wconf 79' lang='lat'>3¹4</span> <span class='ocrx_word' id='word_1_2' title='bbox 371 375 601 418; x_wconf 70' lang='lat' dir='ltr'>Arrsosomr</span> <span class='ocrx_word' id='word_1_3' title='bbox 622 375 766 420; x_wconf 64' lang='lat' dir='ltr'>surm.</span> 
     </span>
    </p>
   </div>
   <div class='ocr_carea' id='block_1_2' title="bbox 520 575 625 611">
    <p class='ocr_par' dir='ltr' id='par_1_2' title="bbox 520 575 625 611">
     <span class='ocr_line' id='line_1_2' title="bbox 520 575 625 611; baseline -0.01 0"><span class='ocrx_word' id='word_1_4' title='bbox 520 575 625 611; x_wconf 80' lang='lat' dir='ltr'>ccxuv.</span> 
     </span>
    </p>
   </div>
   <div class='ocr_carea' id='block_1_3' title="bbox 357 681 782 752">
    <p class='ocr_par' dir='ltr' id='par_1_3' title="bbox 357 681 782 752">
     <span class='ocr_line' id='line_1_3' title="bbox 357 681 782 752; baseline -0.002 -17"><span class='ocrx_word' id='word_1_5' title='bbox 357 681 478 752; x_wconf 79' lang='lat' dir='ltr'>Epitapt</span> <span class='ocrx_word' id='word_1_6' title='bbox 491 699 524 734; x_wconf 80' lang='lat' dir='ltr'>on</span> <span class='ocrx_word' id='word_1_7' title='bbox 537 681 627 747; x_wconf 78' lang='lat' dir='ltr'>Paris,</span> <span class='ocrx_word' id='word_1_8' title='bbox 639 682 679 734; x_wconf 76' lang='lat' dir='ltr'>tlte</span> <span class='ocrx_word' id='word_1_9' title='bbox 692 681 782 734; x_wconf 82' lang='lat' dir='ltr'><em>Actor.</em></span> 
     </span>
    </p>
   </div>
   <div class='ocr_carea' id='block_1_4' title="bbox 264 868 886 1418">
    <p class='ocr_par' dir='ltr' id='par_1_4' title="bbox 264 868 886 1418">
     <span class='ocr_line' id='line_1_4' title="bbox 288 868 820 965; baseline 0.011 -35"><span class='ocrx_word' id='word_1_10' title='bbox 288 868 379 965; x_wconf 41' lang='lat'>55¹«-</span> <span class='ocrx_word' id='word_1_11' title='bbox 400 885 458 934; x_wconf 86' lang='lat' dir='ltr'>Noli</span> <span class='ocrx_word' id='word_1_12' title='bbox 469 887 549 934; x_wconf 83' lang='lat' dir='ltr'>nobile</span> <span class='ocrx_word' id='word_1_13' title='bbox 558 889 694 952; x_wconf 77' lang='lat' dir='ltr'>praeterire</span> <span class='ocrx_word' id='word_1_14' title='bbox 704 903 820 938; x_wconf 81' lang='lat' dir='ltr'>marmor.</span> 
     </span>
     <span class='ocr_line' id='line_1_5' title="bbox 264 964 782 1031; baseline 0.014 -22"><span class='ocrx_word' id='word_1_15' title='bbox 264 972 299 1010; x_wconf 62' lang='lat' dir='ltr'>ln</span> <span class='ocrx_word' id='word_1_16' title='bbox 326 994 330 995; x_wconf 28' lang='grc' dir='ltr'><em>ν</em></span> <span class='ocrx_word' id='word_1_17' title='bbox 344 964 348 969; x_wconf 59' lang='lat'>‘</span> <span class='ocrx_word' id='word_1_18' title='bbox 368 970 374 1011; x_wconf 80' lang='lat' dir='ltr'>t</span> <span class='ocrx_word' id='word_1_19' title='bbox 400 965 477 1014; x_wconf 83' lang='lat' dir='ltr'>Urbis</span> <span class='ocrx_word' id='word_1_20' title='bbox 487 965 587 1016; x_wconf 77' lang='lat' dir='ltr'>deliciae</span> <span class='ocrx_word' id='word_1_21' title='bbox 599 967 710 1031; x_wconf 79' lang='lat' dir='ltr'>salesque</span> <span class='ocrx_word' id='word_1_22' title='bbox 721 968 782 1025; x_wconf 82' lang='lat' dir='ltr'>Nili,</span> 
     </span>
     <span class='ocr_line' id='line_1_6' title="bbox 324 1045 753 1112; baseline 0.002 -17"><span class='ocrx_word' id='word_1_23' title='bbox 324 1046 376 1095; x_wconf 85' lang='lat' dir='ltr'>Ars</span> <span class='ocrx_word' id='word_1_24' title='bbox 386 1052 412 1094; x_wconf 92' lang='lat' dir='ltr'>et</span> <span class='ocrx_word' id='word_1_25' title='bbox 421 1046 510 1110; x_wconf 75' lang='lat' dir='ltr'>gratis,</span> <span class='ocrx_word' id='word_1_26' title='bbox 520 1045 588 1096; x_wconf 86' lang='lat' dir='ltr'>lusus</span> <span class='ocrx_word' id='word_1_27' title='bbox 598 1054 624 1096; x_wconf 85' lang='lat' dir='ltr'>et</span> <span class='ocrx_word' id='word_1_28' title='bbox 633 1048 753 1112; x_wconf 71' lang='lat' dir='ltr'>voluptas,</span> 
     </span>
     <span class='ocr_line' id='line_1_7' title="bbox 325 1125 751 1184; baseline 0 -8"><span class='ocrx_word' id='word_1_29' title='bbox 325 1127 431 1176; x_wconf 68' lang='lat' dir='ltr'>Romani</span> <span class='ocrx_word' id='word_1_30' title='bbox 442 1125 516 1174; x_wconf 85' lang='lat' dir='ltr'>decus</span> <span class='ocrx_word' id='word_1_31' title='bbox 527 1134 553 1174; x_wconf 88' lang='lat' dir='ltr'>et</span> <span class='ocrx_word' id='word_1_32' title='bbox 563 1127 634 1176; x_wconf 86' lang='lat' dir='ltr'>dolor</span> <span class='ocrx_word' id='word_1_33' title='bbox 650 1128 751 1184; x_wconf 77' lang='lat' dir='ltr'>theatri,</span> 
     </span>
     <span class='ocr_line' id='line_1_8' title="bbox 325 1205 817 1272; baseline 0.004 -18"><span class='ocrx_word' id='word_1_34' title='bbox 325 1205 410 1271; x_wconf 83' lang='lat' dir='ltr'>Atque</span> <span class='ocrx_word' id='word_1_35' title='bbox 420 1221 503 1254; x_wconf 85' lang='lat' dir='ltr'>omnes</span> <span class='ocrx_word' id='word_1_36' title='bbox 514 1206 624 1256; x_wconf 85' lang='lat' dir='ltr'>Veneres</span> <span class='ocrx_word' id='word_1_37' title='bbox 636 1206 817 1272; x_wconf 83' lang='lat' dir='ltr'>Cupidinesque</span> 
     </span>
     <span class='ocr_line' id='line_1_9' title="bbox 323 1286 841 1352; baseline -0.002 -15"><span class='ocrx_word' id='word_1_38' title='bbox 323 1288 378 1337; x_wconf 76' lang='lat' dir='ltr'>Hoc</span> <span class='ocrx_word' id='word_1_39' title='bbox 389 1294 446 1336; x_wconf 87' lang='lat' dir='ltr'>sunt</span> <span class='ocrx_word' id='word_1_40' title='bbox 456 1286 563 1346; x_wconf 75' lang='lat' dir='ltr'>conditu,</span> <span class='ocrx_word' id='word_1_41' title='bbox 571 1302 620 1350; x_wconf 88' lang='lat' dir='ltr'>quo</span> <span class='ocrx_word' id='word_1_42' title='bbox 630 1287 711 1345; x_wconf 82' lang='lat' dir='ltr'>Paris,</span> <span class='ocrx_word' id='word_1_43' title='bbox 723 1287 841 1352; x_wconf 83' lang='lat' dir='ltr'>sepulcro.</span> 
     </span>
     <span class='ocr_line' id='line_1_10' title="bbox 719 1369 886 1418; baseline -0.006 -2"><span class='ocrx_word' id='word_1_44' title='bbox 719 1369 886 1418; x_wconf 80' lang='lat' dir='ltr'>Lit.x1..xiii.</span> 
     </span>
    </p>
   </div>
   <div class='ocr_carea' id='block_1_5' title="bbox 533 1530 626 1566">
    <p class='ocr_par' dir='ltr' id='par_1_5' title="bbox 533 1530 626 1566">
     <span class='ocr_line' id='line_1_11' title="bbox 533 1530 626 1566; baseline 0.011 -1"><span class='ocrx_word' id='word_1_45' title='bbox 533 1530 626 1566; x_wconf 71' lang='lat' dir='ltr'>bcxbv.</span> 
     </span>
    </p>
   </div>
   <div class='ocr_carea' id='block_1_6' title="bbox 430 1634 723 1705">
    <p class='ocr_par' dir='ltr' id='par_1_6' title="bbox 430 1634 723 1705">
     <span class='ocr_line' id='line_1_12' title="bbox 430 1634 723 1705; baseline 0 -19"><span class='ocrx_word' id='word_1_46' title='bbox 430 1634 549 1705; x_wconf 76' lang='lat' dir='ltr'>Epitapt</span> <span class='ocrx_word' id='word_1_47' title='bbox 563 1653 595 1686; x_wconf 78' lang='lat' dir='ltr'>on</span> <span class='ocrx_word' id='word_1_48' title='bbox 612 1634 723 1686; x_wconf 83' lang='lat' dir='ltr'>Canace.</span> 
     </span>
    </p>
   </div>
   <div class='ocr_carea' id='block_1_7' title="bbox 211 2081 923 2930">
    <p class='ocr_par' dir='ltr' id='par_1_7' title="bbox 230 2081 923 2224">
     <span class='ocr_line' id='line_1_13' title="bbox 230 2081 923 2146; baseline -0.006 -14"><span class='ocrx_word' id='word_1_49' title='bbox 230 2085 274 2132; x_wconf 86' lang='lat' dir='ltr'>Ab</span> <span class='ocrx_word' id='word_1_50' title='bbox 286 2084 372 2141; x_wconf 76' lang='lat' dir='ltr'>scelus,</span> <span class='ocrx_word' id='word_1_51' title='bbox 384 2084 415 2131; x_wconf 85' lang='lat' dir='ltr'>ab</span> <span class='ocrx_word' id='word_1_52' title='bbox 426 2081 536 2131; x_wconf 74' lang='lat' dir='ltr'>facinus!</span> <span class='ocrx_word' id='word_1_53' title='bbox 551 2096 668 2146; x_wconf 77' lang='lat' dir='ltr'>properes</span> <span class='ocrx_word' id='word_1_54' title='bbox 678 2081 738 2144; x_wconf 88' lang='lat' dir='ltr'>quid</span> <span class='ocrx_word' id='word_1_55' title='bbox 748 2081 923 2142; x_wconf 77' lang='lat' dir='ltr'>flere,viat0rr</span> 
     </span>
     <span class='ocr_line' id='line_1_14' title="bbox 263 2161 768 2224; baseline -0.006 -12"><span class='ocrx_word' id='word_1_56' title='bbox 263 2163 320 2212; x_wconf 86' lang='lat' dir='ltr'>Non</span> <span class='ocrx_word' id='word_1_57' title='bbox 331 2162 388 2211; x_wconf 83' lang='lat' dir='ltr'>lieet</span> <span class='ocrx_word' id='word_1_58' title='bbox 398 2163 438 2210; x_wconf 85' lang='lat' dir='ltr'>hie</span> <span class='ocrx_word' id='word_1_59' title='bbox 447 2163 512 2210; x_wconf 76' lang='lat' dir='ltr'>vitae</span> <span class='ocrx_word' id='word_1_60' title='bbox 522 2161 552 2209; x_wconf 87' lang='lat' dir='ltr'>de</span> <span class='ocrx_word' id='word_1_61' title='bbox 562 2162 681 2210; x_wconf 83' lang='lat' dir='ltr'>brevitate</span> <span class='ocrx_word' id='word_1_62' title='bbox 692 2161 768 2224; x_wconf 88' lang='lat' dir='ltr'>queri.</span> 
     </span>
    </p>

    <p class='ocr_par' dir='ltr' id='par_1_8' title="bbox 232 2241 810 2382">
     <span class='ocr_line' id='line_1_15' title="bbox 232 2241 810 2306; baseline -0.003 -15"><span class='ocrx_word' id='word_1_63' title='bbox 232 2243 340 2291; x_wconf 84' lang='lat' dir='ltr'>Tristius</span> <span class='ocrx_word' id='word_1_64' title='bbox 350 2253 388 2291; x_wconf 85' lang='lat' dir='ltr'>est</span> <span class='ocrx_word' id='word_1_65' title='bbox 397 2241 447 2290; x_wconf 88' lang='lat' dir='ltr'>leto</span> <span class='ocrx_word' id='word_1_66' title='bbox 458 2241 501 2290; x_wconf 88' lang='lat' dir='ltr'>leti</span> <span class='ocrx_word' id='word_1_67' title='bbox 512 2256 602 2306; x_wconf 86' lang='lat' dir='ltr'>genus:</span> <span class='ocrx_word' id='word_1_68' title='bbox 620 2242 721 2290; x_wconf 82' lang='lat' dir='ltr'>horride</span> <span class='ocrx_word' id='word_1_69' title='bbox 730 2241 810 2290; x_wconf 86' lang='lat' dir='ltr'>voltus</span> 
     </span>
     <span class='ocr_line' id='line_1_16' title="bbox 264 2321 740 2382; baseline 0 -12"><span class='ocrx_word' id='word_1_70' title='bbox 264 2321 376 2370; x_wconf 81' lang='lat' dir='ltr'>Abstulit</span> <span class='ocrx_word' id='word_1_71' title='bbox 386 2328 412 2370; x_wconf 87' lang='lat' dir='ltr'>et</span> <span class='ocrx_word' id='word_1_72' title='bbox 422 2328 506 2369; x_wconf 83' lang='lat' dir='ltr'>tenero</span> <span class='ocrx_word' id='word_1_73' title='bbox 517 2321 580 2370; x_wconf 83' lang='lat' dir='ltr'>sedit</span> <span class='ocrx_word' id='word_1_74' title='bbox 591 2322 617 2369; x_wconf 94' lang='lat' dir='ltr'>in</span> <span class='ocrx_word' id='word_1_75' title='bbox 626 2336 668 2370; x_wconf 86' lang='lat' dir='ltr'>ore</span> <span class='ocrx_word' id='word_1_76' title='bbox 679 2322 740 2382; x_wconf 88' lang='lat' dir='ltr'>lues,</span> 
     </span>
    </p>

    <p class='ocr_par' dir='ltr' id='par_1_9' title="bbox 231 2400 782 2546">
     <span class='ocr_line' id='line_1_17' title="bbox 231 2400 760 2466; baseline -0.002 -17"><span class='ocrx_word' id='word_1_77' title='bbox 231 2402 337 2466; x_wconf 82' lang='lat' dir='ltr'>Ipsaque</span> <span class='ocrx_word' id='word_1_78' title='bbox 347 2401 457 2449; x_wconf 83' lang='lat' dir='ltr'>crudeles</span> <span class='ocrx_word' id='word_1_79' title='bbox 467 2401 570 2449; x_wconf 87' lang='lat' dir='ltr'>ederunt</span> <span class='ocrx_word' id='word_1_80' title='bbox 580 2401 663 2450; x_wconf 76' lang='lat' dir='ltr'>oscula</span> <span class='ocrx_word' id='word_1_81' title='bbox 673 2400 760 2462; x_wconf 85' lang='lat' dir='ltr'>morbi,</span> 
     </span>
     <span class='ocr_line' id='line_1_18' title="bbox 264 2481 782 2546; baseline -0.004 -16"><span class='ocrx_word' id='word_1_82' title='bbox 264 2482 317 2531; x_wconf 86' lang='lat' dir='ltr'>Nee</span> <span class='ocrx_word' id='word_1_83' title='bbox 326 2481 385 2530; x_wconf 80' lang='lat' dir='ltr'>dats</span> <span class='ocrx_word' id='word_1_84' title='bbox 396 2488 453 2530; x_wconf 89' lang='lat' dir='ltr'>sunt</span> <span class='ocrx_word' id='word_1_85' title='bbox 461 2482 539 2546; x_wconf 83' lang='lat' dir='ltr'>nigris</span> <span class='ocrx_word' id='word_1_86' title='bbox 549 2487 601 2530; x_wconf 77' lang='lat' dir='ltr'>tots</span> <span class='ocrx_word' id='word_1_87' title='bbox 611 2481 699 2530; x_wconf 78' lang='lat' dir='ltr'>labella</span> <span class='ocrx_word' id='word_1_88' title='bbox 709 2482 782 2544; x_wconf 82' lang='lat' dir='ltr'>rogis.</span> 
     </span>
    </p>

    <p class='ocr_par' dir='ltr' id='par_1_10' title="bbox 233 2561 781 2690">
     <span class='ocr_line' id='line_1_19' title="bbox 233 2561 781 2626; baseline -0.004 -14"><span class='ocrx_word' id='word_1_89' title='bbox 233 2561 260 2612; x_wconf 90' lang='lat' dir='ltr'>Si</span> <span class='ocrx_word' id='word_1_90' title='bbox 269 2571 319 2611; x_wconf 79' lang='lat' dir='ltr'>tam</span> <span class='ocrx_word' id='word_1_91' title='bbox 330 2562 458 2626; x_wconf 76' lang='lat' dir='ltr'>praecipiti</span> <span class='ocrx_word' id='word_1_92' title='bbox 469 2561 567 2610; x_wconf 75' lang='lat' dir='ltr'>fuerant</span> <span class='ocrx_word' id='word_1_93' title='bbox 576 2568 680 2610; x_wconf 83' lang='lat' dir='ltr'>venture</span> <span class='ocrx_word' id='word_1_94' title='bbox 691 2561 781 2618; x_wconf 81' lang='lat' dir='ltr'>volatu,</span> 
     </span>
     <span class='ocr_line' id='line_1_20' title="bbox 263 2640 680 2690; baseline -0.005 0"><span class='ocrx_word' id='word_1_95' title='bbox 263 2643 409 2690; x_wconf 85' lang='lat' dir='ltr'>Debuerunt</span> <span class='ocrx_word' id='word_1_96' title='bbox 419 2641 467 2688; x_wconf 80' lang='lat' dir='ltr'>ulis</span> <span class='ocrx_word' id='word_1_97' title='bbox 478 2640 530 2689; x_wconf 81' lang='lat' dir='ltr'>feta</span> <span class='ocrx_word' id='word_1_98' title='bbox 540 2641 622 2689; x_wconf 87' lang='lat' dir='ltr'>venire</span> <span class='ocrx_word' id='word_1_99' title='bbox 633 2643 680 2688; x_wconf 83' lang='lat' dir='ltr'>vis.</span> 
     </span>
    </p>

    <p class='ocr_par' dir='ltr' id='par_1_11' title="bbox 232 2717 872 2784">
     <span class='ocr_line' id='line_1_21' title="bbox 232 2717 872 2784; baseline -0.008 -12"><span class='ocrx_word' id='word_1_100' title='bbox 232 2720 280 2772; x_wconf 83' lang='lat' dir='ltr'>Sed</span> <span class='ocrx_word' id='word_1_101' title='bbox 291 2735 357 2769; x_wconf 80' lang='lat' dir='ltr'>more</span> <span class='ocrx_word' id='word_1_102' title='bbox 367 2721 431 2770; x_wconf 87' lang='lat' dir='ltr'>vocis</span> <span class='ocrx_word' id='word_1_103' title='bbox 441 2721 488 2770; x_wconf 83' lang='lat' dir='ltr'>iter</span> <span class='ocrx_word' id='word_1_104' title='bbox 498 2721 637 2784; x_wconf 77' lang='lat' dir='ltr'>properavit</span> <span class='ocrx_word' id='word_1_105' title='bbox 647 2720 745 2768; x_wconf 83' lang='lat' dir='ltr'>eludere</span> <span class='ocrx_word' id='word_1_106' title='bbox 755 2717 872 2778; x_wconf 74' lang='lat' dir='ltr'>blandae,</span> 
     </span>
    </p>

    <p class='ocr_par' dir='ltr' id='par_1_12' title="bbox 211 2801 753 2866">
     <span class='ocr_line' id='line_1_22' title="bbox 211 2801 753 2866; baseline -0.002 -15"><span class='ocrx_word' id='word_1_107' title='bbox 211 2807 212 2810; x_wconf 77' lang='grc'>’</span> <span class='ocrx_word' id='word_1_108' title='bbox 265 2803 304 2851; x_wconf 83' lang='lat' dir='ltr'>Ne</span> <span class='ocrx_word' id='word_1_109' title='bbox 312 2808 395 2866; x_wconf 81' lang='lat' dir='ltr'>posset</span> <span class='ocrx_word' id='word_1_110' title='bbox 404 2802 479 2851; x_wconf 76' lang='lat' dir='ltr'>dures</span> <span class='ocrx_word' id='word_1_111' title='bbox 489 2801 586 2851; x_wconf 83' lang='lat' dir='ltr'>flectere</span> <span class='ocrx_word' id='word_1_112' title='bbox 595 2801 679 2866; x_wconf 74' lang='lat' dir='ltr'>lingua</span> <span class='ocrx_word' id='word_1_113' title='bbox 688 2801 753 2850; x_wconf 82' lang='lat' dir='ltr'>deas.</span> 
     </span>
    </p>

    <p class='ocr_par' dir='ltr' id='par_1_13' title="bbox 777 2896 825 2930">
     <span class='ocr_line' id='line_1_23' title="bbox 777 2896 825 2930; baseline -0.042 0"><span class='ocrx_word' id='word_1_114' title='bbox 777 2896 825 2930; x_wconf 84' lang='lat' dir='ltr'>xer.</span> 
     </span>
    </p>
   </div>
   <div class='ocr_carea' id='block_1_8' title="bbox 0 0 1079 3546">
    <p class='ocr_par' dir='ltr' id='par_1_14' title="bbox 0 0 1079 3546">
     <span class='ocr_line' id='line_1_24' title="bbox 0 0 1079 3546; baseline 0 0"><span class='ocrx_word' id='word_1_115' title='bbox 0 0 1079 3546; x_wconf 95' lang='lat' dir='ltr'> </span> 
     </span>
    </p>
   </div>
  </div>
 </body>
</html>
