<?xml version="1.0" encoding="UTF-8"?>
<!DOCTYPE html PUBLIC "-//W3C//DTD XHTML 1.0 Transitional//EN"
    "http://www.w3.org/TR/xhtml1/DTD/xhtml1-transitional.dtd">
<html xmlns="http://www.w3.org/1999/xhtml" xml:lang="en" lang="en">
 <head>
  <title>
</title>
<meta http-equiv="Content-Type" content="text/html;charset=utf-8" />
  <meta name='ocr-system' content='tesseract 3.04.00' />
  <meta name='ocr-capabilities' content='ocr_page ocr_carea ocr_par ocr_line ocrx_word'/>
</head>
<body>
  <div class='ocr_page' id='page_1' title='image "./anthologialatin01thacgoog_0133.png"; bbox 0 0 2070 3542; ppageno 0'>
   <div class='ocr_carea' id='block_1_1' title="bbox 239 365 779 416">
    <p class='ocr_par' dir='ltr' id='par_1_1' title="bbox 239 365 779 416">
     <span class='ocr_line' id='line_1_1' title="bbox 239 365 779 416; baseline 0.013 -14"><span class='ocrx_word' id='word_1_1' title='bbox 239 393 242 402; x_wconf 94' lang='grc'><em>,</em></span> <span class='ocrx_word' id='word_1_2' title='bbox 339 365 538 408; x_wconf 69' lang='lat' dir='ltr'><strong>venerumt.</strong></span> <span class='ocrx_word' id='word_1_3' title='bbox 738 381 779 416; x_wconf 85' lang='lat'><strong>111</strong></span> 
     </span>
    </p>
   </div>
   <div class='ocr_carea' id='block_1_2' title="bbox 23 451 781 1541">
    <p class='ocr_par' dir='ltr' id='par_1_2' title="bbox 23 451 781 1400">
     <span class='ocr_line' id='line_1_2' title="bbox 98 451 631 518; baseline 0.008 -16"><span class='ocrx_word' id='word_1_4' title='bbox 98 451 199 518; x_wconf 82' lang='lat' dir='ltr'><strong>Solaque</strong></span> <span class='ocrx_word' id='word_1_5' title='bbox 208 455 354 506; x_wconf 76' lang='lat' dir='ltr'><strong>culminibus</strong></span> <span class='ocrx_word' id='word_1_6' title='bbox 366 457 436 506; x_wconf 79' lang='lat' dir='ltr'><strong>iersli</strong></span> <span class='ocrx_word' id='word_1_7' title='bbox 446 459 555 507; x_wconf 82' lang='lat' dir='ltr'><strong>carmine</strong></span> <span class='ocrx_word' id='word_1_8' title='bbox 565 457 631 507; x_wconf 93' lang='lat' dir='ltr'><strong>bubo</strong></span> 
     </span>
     <span class='ocr_line' id='line_1_3' title="bbox 97 532 699 600; baseline 0.005 -18"><span class='ocrx_word' id='word_1_9' title='bbox 97 532 170 598; x_wconf 86' lang='lat' dir='ltr'><strong>Ssepe</strong></span> <span class='ocrx_word' id='word_1_10' title='bbox 181 536 252 598; x_wconf 89' lang='lat' dir='ltr'><strong>queri</strong></span> <span class='ocrx_word' id='word_1_11' title='bbox 260 542 285 584; x_wconf 88' lang='lat' dir='ltr'><strong>st</strong></span> <span class='ocrx_word' id='word_1_12' title='bbox 295 535 381 600; x_wconf 86' lang='lat' dir='ltr'><strong>longus</strong></span> <span class='ocrx_word' id='word_1_13' title='bbox 392 539 418 586; x_wconf 93' lang='lat' dir='ltr'><strong>in</strong></span> <span class='ocrx_word' id='word_1_14' title='bbox 428 538 514 587; x_wconf 82' lang='lat' dir='ltr'><strong>fletum</strong></span> <span class='ocrx_word' id='word_1_15' title='bbox 524 539 613 587; x_wconf 88' lang='lat' dir='ltr'><strong>ducere</strong></span> <span class='ocrx_word' id='word_1_16' title='bbox 624 551 699 586; x_wconf 89' lang='lat' dir='ltr'><strong>voces.</strong></span> 
     </span>
     <span class='ocr_line' id='line_1_4' title="bbox 96 611 708 682; baseline 0.008 -23"><span class='ocrx_word' id='word_1_17' title='bbox 96 611 222 677; x_wconf 74' lang='lat' dir='ltr'><strong>Multaque</strong></span> <span class='ocrx_word' id='word_1_18' title='bbox 231 623 358 680; x_wconf 85' lang='lat' dir='ltr'><strong>praeterea</strong></span> <span class='ocrx_word' id='word_1_19' title='bbox 368 625 453 666; x_wconf 85' lang='lat' dir='ltr'><strong>vatum</strong></span> <span class='ocrx_word' id='word_1_20' title='bbox 463 619 589 682; x_wconf 83' lang='lat' dir='ltr'><strong>praedicta</strong></span> <span class='ocrx_word' id='word_1_21' title='bbox 598 618 708 682; x_wconf 85' lang='lat' dir='ltr'>priorum</span> 
     </span>
     <span class='ocr_line' id='line_1_5' title="bbox 96 691 765 763; baseline 0.004 -22"><span class='ocrx_word' id='word_1_22' title='bbox 96 691 208 763; x_wconf 75' lang='lat' dir='ltr'><strong>&#39;l&#39;emibili</strong></span> <span class='ocrx_word' id='word_1_23' title='bbox 219 697 312 745; x_wconf 88' lang='lat' dir='ltr'><strong>monitu</strong></span> <span class='ocrx_word' id='word_1_24' title='bbox 324 697 474 748; x_wconf 87' lang='lat' dir='ltr'><strong>horrificant.</strong></span> <span class='ocrx_word' id='word_1_25' title='bbox 508 699 573 763; x_wconf 82' lang='lat' dir='ltr'>Agit</span> <span class='ocrx_word' id='word_1_26' title='bbox 584 699 636 762; x_wconf 86' lang='lat' dir='ltr'><strong>ipse</strong></span> <span class='ocrx_word' id='word_1_27' title='bbox 643 697 765 745; x_wconf 73' lang='lat' dir='ltr'><strong>furentem</strong></span> 
     </span>
     <span class='ocr_line' id='line_1_6' title="bbox 95 773 703 844; baseline 0.007 -23"><span class='ocrx_word' id='word_1_28' title='bbox 95 773 124 821; x_wconf 91' lang='lat' dir='ltr'><strong>Iu</strong></span> <span class='ocrx_word' id='word_1_29' title='bbox 134 776 222 825; x_wconf 87' lang='lat' dir='ltr'><strong>somnis</strong></span> <span class='ocrx_word' id='word_1_30' title='bbox 235 776 302 826; x_wconf 83' lang='lat' dir='ltr'><strong>ferus</strong></span> <span class='ocrx_word' id='word_1_31' title='bbox 314 779 425 828; x_wconf 73' lang='lat' dir='ltr'><strong>Aeneas:</strong></span> <span class='ocrx_word' id='word_1_32' title='bbox 443 795 586 844; x_wconf 77' lang='lat' dir='ltr'>semperque</span> <span class='ocrx_word' id='word_1_33' title='bbox 596 779 703 842; x_wconf 80' lang='lat' dir='ltr'>relinqui</span> 
     </span>
     <span class='ocr_line' id='line_1_7' title="bbox 23 845 692 922; baseline -0.004 -14"><span class='ocrx_word' id='word_1_34' title='bbox 23 845 25 908; x_wconf 59' lang='grc' dir='ltr'><strong>ᾗ</strong></span> <span class='ocrx_word' id='word_1_35' title='bbox 97 853 215 918; x_wconf 74' lang='lat' dir='ltr'><strong>Sobrius,</strong></span> <span class='ocrx_word' id='word_1_36' title='bbox 227 872 324 921; x_wconf 83' lang='lat' dir='ltr'><strong>semper</strong></span> <span class='ocrx_word' id='word_1_37' title='bbox 333 858 431 922; x_wconf 85' lang='lat' dir='ltr'><strong>longum</strong></span> <span class='ocrx_word' id='word_1_38' title='bbox 443 860 583 908; x_wconf 70' lang='lat' dir='ltr'><strong>incomitata</strong></span> <span class='ocrx_word' id='word_1_39' title='bbox 594 858 692 906; x_wconf 87' lang='lat' dir='ltr'><strong>videtur</strong></span> 
     </span>
     <span class='ocr_line' id='line_1_8' title="bbox 95 935 668 1004; baseline 0.003 -20.777"><span class='ocrx_word' id='word_1_40' title='bbox 95 935 207 986; x_wconf 79' lang='lat' dir='ltr'><strong>Iresiam</strong></span> <span class='ocrx_word' id='word_1_41' title='bbox 218 945 244 986; x_wconf 89' lang='lat' dir='ltr'><strong>et</strong></span> <span class='ocrx_word' id='word_1_42' title='bbox 255 937 346 1002; x_wconf 61' lang='lat' dir='ltr'><strong>&#39;lyrios</strong></span> <span class='ocrx_word' id='word_1_43' title='bbox 356 939 453 988; x_wconf 85' lang='lat' dir='ltr'><strong>deserta</strong></span> <span class='ocrx_word' id='word_1_44' title='bbox 463 953 581 1004; x_wconf 82' lang='lat' dir='ltr'><strong>quaerere</strong></span> <span class='ocrx_word' id='word_1_45' title='bbox 592 946 668 988; x_wconf 81' lang='lat' dir='ltr'><strong>terra.</strong></span> 
     </span>
     <span class='ocr_line' id='line_1_9' title="bbox 23 1009 773 1082; baseline 0.007 -21"><span class='ocrx_word' id='word_1_46' title='bbox 23 1009 24 1054; x_wconf 66' lang='grc' dir='ltr'>ἶ</span> <span class='ocrx_word' id='word_1_47' title='bbox 95 1013 252 1064; x_wconf 79' lang='lat' dir='ltr'><strong>Eumenidum</strong></span> <span class='ocrx_word' id='word_1_48' title='bbox 263 1017 340 1066; x_wconf 85' lang='lat' dir='ltr'><strong>veluti</strong></span> <span class='ocrx_word' id='word_1_49' title='bbox 351 1017 449 1067; x_wconf 87' lang='lat' dir='ltr'><strong>demens</strong></span> <span class='ocrx_word' id='word_1_50' title='bbox 461 1018 526 1067; x_wconf 87' lang='lat' dir='ltr'><strong>videt</strong></span> <span class='ocrx_word' id='word_1_51' title='bbox 537 1019 637 1082; x_wconf 78' lang='lat' dir='ltr'><strong>agmina</strong></span> <span class='ocrx_word' id='word_1_52' title='bbox 647 1017 773 1066; x_wconf 80' lang='lat' dir='ltr'><strong>Pentheus</strong></span> 
     </span>
     <span class='ocr_line' id='line_1_10' title="bbox 96 1092 781 1160; baseline 0.003 -18"><span class='ocrx_word' id='word_1_53' title='bbox 96 1092 203 1143; x_wconf 76' lang='lat' dir='ltr'><strong>litsolem</strong></span> <span class='ocrx_word' id='word_1_54' title='bbox 214 1097 341 1160; x_wconf 86' lang='lat' dir='ltr'><strong>geminum</strong></span> <span class='ocrx_word' id='word_1_55' title='bbox 351 1104 376 1145; x_wconf 90' lang='lat' dir='ltr'><strong>et</strong></span> <span class='ocrx_word' id='word_1_56' title='bbox 386 1096 490 1160; x_wconf 86' lang='lat' dir='ltr'><strong>duplicis</strong></span> <span class='ocrx_word' id='word_1_57' title='bbox 498 1113 524 1145; x_wconf 86' lang='lat' dir='ltr'><strong>se</strong></span> <span class='ocrx_word' id='word_1_58' title='bbox 532 1097 660 1146; x_wconf 85' lang='lat' dir='ltr'><strong>ostendere</strong></span> <span class='ocrx_word' id='word_1_59' title='bbox 672 1097 781 1160; x_wconf 79' lang='lat' dir='ltr'><strong>Thebas3</strong></span> 
     </span>
     <span class='ocr_line' id='line_1_11' title="bbox 95 1173 701 1242; baseline 0.007 -22"><span class='ocrx_word' id='word_1_60' title='bbox 95 1173 146 1222; x_wconf 85' lang='lat' dir='ltr'><strong>Aut</strong></span> <span class='ocrx_word' id='word_1_61' title='bbox 156 1176 367 1240; x_wconf 86' lang='lat' dir='ltr'><strong>Agamemnonius</strong></span> <span class='ocrx_word' id='word_1_62' title='bbox 379 1178 471 1226; x_wconf 83' lang='lat' dir='ltr'><strong>scaenis</strong></span> <span class='ocrx_word' id='word_1_63' title='bbox 482 1179 590 1242; x_wconf 83' lang='lat' dir='ltr'><strong>agitatus</strong></span> <span class='ocrx_word' id='word_1_64' title='bbox 602 1177 701 1224; x_wconf 85' lang='lat' dir='ltr'><strong>Orestes</strong></span> 
     </span>
     <span class='ocr_line' id='line_1_12' title="bbox 96 1254 714 1320; baseline 0.005 -18"><span class='ocrx_word' id='word_1_65' title='bbox 96 1254 219 1303; x_wconf 82' lang='lat' dir='ltr'><strong>Armatam</strong></span> <span class='ocrx_word' id='word_1_66' title='bbox 229 1255 327 1305; x_wconf 81' lang='lat' dir='ltr'><strong>facibus</strong></span> <span class='ocrx_word' id='word_1_67' title='bbox 337 1265 441 1306; x_wconf 88' lang='lat' dir='ltr'><strong>matrem</strong></span> <span class='ocrx_word' id='word_1_68' title='bbox 451 1265 476 1305; x_wconf 88' lang='lat' dir='ltr'><strong>et</strong></span> <span class='ocrx_word' id='word_1_69' title='bbox 487 1256 642 1320; x_wconf 87' lang='lat' dir='ltr'><strong>serpentibus</strong></span> <span class='ocrx_word' id='word_1_70' title='bbox 652 1257 714 1305; x_wconf 83' lang='lat' dir='ltr'><strong>atris</strong></span> 
     </span>
     <span class='ocr_line' id='line_1_13' title="bbox 96 1331 717 1400; baseline 0.005 -19"><span class='ocrx_word' id='word_1_71' title='bbox 96 1331 154 1382; x_wconf 84' lang='lat' dir='ltr'><strong>Cum</strong></span> <span class='ocrx_word' id='word_1_72' title='bbox 163 1334 236 1400; x_wconf 80' lang='lat' dir='ltr'><strong>sugit,</strong></span> <span class='ocrx_word' id='word_1_73' title='bbox 247 1335 397 1400; x_wconf 87' lang='lat' dir='ltr'><strong>ultricesque</strong></span> <span class='ocrx_word' id='word_1_74' title='bbox 408 1337 494 1386; x_wconf 87' lang='lat' dir='ltr'><strong>sedent</strong></span> <span class='ocrx_word' id='word_1_75' title='bbox 504 1337 530 1385; x_wconf 93' lang='lat' dir='ltr'><strong>in</strong></span> <span class='ocrx_word' id='word_1_76' title='bbox 541 1337 623 1384; x_wconf 83' lang='lat' dir='ltr'><strong>limine</strong></span> <span class='ocrx_word' id='word_1_77' title='bbox 634 1335 717 1384; x_wconf 83' lang='lat' dir='ltr'><strong>Dirae.</strong></span> 
     </span>
    </p>

    <p class='ocr_par' dir='ltr' id='par_1_3' title="bbox 598 1419 749 1466">
     <span class='ocr_line' id='line_1_14' title="bbox 598 1419 749 1466; baseline -0.007 -1"><span class='ocrx_word' id='word_1_78' title='bbox 598 1431 622 1465; x_wconf 89' lang='lat' dir='ltr'><strong>v.</strong></span> <span class='ocrx_word' id='word_1_79' title='bbox 635 1419 749 1466; x_wconf 73' lang='lat' dir='ltr'><strong>sto-473.</strong></span> 
     </span>
    </p>

    <p class='ocr_par' dir='ltr' id='par_1_4' title="bbox 375 1504 485 1541">
     <span class='ocr_line' id='line_1_15' title="bbox 375 1504 485 1541; baseline 0.036 -4"><span class='ocrx_word' id='word_1_80' title='bbox 375 1504 485 1541; x_wconf 51' lang='lat' dir='ltr'><strong>rrxxxvr.</strong></span> 
     </span>
    </p>
   </div>
   <div class='ocr_carea' id='block_1_3' title="bbox 382 1609 477 1679">
    <p class='ocr_par' dir='ltr' id='par_1_5' title="bbox 382 1609 477 1679">
     <span class='ocr_line' id='line_1_16' title="bbox 382 1609 477 1679; baseline 0.032 -18"><span class='ocrx_word' id='word_1_81' title='bbox 382 1609 477 1679; x_wconf 60' lang='lat' dir='ltr'><strong>tegit.</strong></span> 
     </span>
    </p>
   </div>
   <div class='ocr_carea' id='block_1_4' title="bbox 23 1866 785 2816">
    <p class='ocr_par' dir='ltr' id='par_1_6' title="bbox 101 1866 784 2031">
     <span class='ocr_line' id='line_1_17' title="bbox 101 1866 784 1952; baseline 0.012 -19"><span class='ocrx_word' id='word_1_82' title='bbox 101 1866 125 1933; x_wconf 66' lang='lat' dir='ltr'><strong>ii</strong></span> <span class='ocrx_word' id='word_1_83' title='bbox 192 1874 209 1885; x_wconf 52' lang='grc'><strong>“’</strong></span> <span class='ocrx_word' id='word_1_84' title='bbox 234 1885 348 1951; x_wconf 80' lang='lat' dir='ltr'><strong>Corpora</strong></span> <span class='ocrx_word' id='word_1_85' title='bbox 364 1903 408 1952; x_wconf 91' lang='lat' dir='ltr'><strong>per</strong></span> <span class='ocrx_word' id='word_1_86' title='bbox 424 1895 512 1950; x_wconf 87' lang='lat' dir='ltr'><strong>terras,</strong></span> <span class='ocrx_word' id='word_1_87' title='bbox 528 1888 652 1952; x_wconf 82' lang='lat' dir='ltr'><strong>silvssque</strong></span> <span class='ocrx_word' id='word_1_88' title='bbox 668 1894 693 1938; x_wconf 88' lang='lat' dir='ltr'><strong>et</strong></span> <span class='ocrx_word' id='word_1_89' title='bbox 713 1903 784 1941; x_wconf 76' lang='lat' dir='ltr'><strong>saeva</strong></span> 
     </span>
     <span class='ocr_line' id='line_1_18' title="bbox 185 1968 303 2031; baseline 0.017 -17"><span class='ocrx_word' id='word_1_90' title='bbox 185 1968 303 2031; x_wconf 83' lang='lat' dir='ltr'><strong>quierant</strong></span> 
     </span>
    </p>

    <p class='ocr_par' dir='ltr' id='par_1_7' title="bbox 23 2044 785 2753">
     <span class='ocr_line' id='line_1_19' title="bbox 23 2044 702 2112; baseline 0.007 -21"><span class='ocrx_word' id='word_1_91' title='bbox 23 2062 25 2068; x_wconf 53' lang='lat'><strong>¹</strong></span> <span class='ocrx_word' id='word_1_92' title='bbox 98 2044 216 2108; x_wconf 83' lang='lat' dir='ltr'><strong>Aequora,</strong></span> <span class='ocrx_word' id='word_1_93' title='bbox 226 2063 285 2096; x_wconf 88' lang='lat' dir='ltr'><strong>eum</strong></span> <span class='ocrx_word' id='word_1_94' title='bbox 298 2047 379 2096; x_wconf 88' lang='lat' dir='ltr'><strong>medio</strong></span> <span class='ocrx_word' id='word_1_95' title='bbox 390 2047 520 2096; x_wconf 82' lang='lat' dir='ltr'><strong>volvuntur</strong></span> <span class='ocrx_word' id='word_1_96' title='bbox 531 2049 612 2097; x_wconf 80' lang='lat' dir='ltr'><strong>sideru</strong></span> <span class='ocrx_word' id='word_1_97' title='bbox 622 2048 702 2112; x_wconf 82' lang='lat' dir='ltr'><strong>lapsu,</strong></span> 
     </span>
     <span class='ocr_line' id='line_1_20' title="bbox 97 2121 784 2192; baseline 0.009 -21"><span class='ocrx_word' id='word_1_98' title='bbox 97 2121 154 2172; x_wconf 81' lang='lat' dir='ltr'><strong>Cum</strong></span> <span class='ocrx_word' id='word_1_99' title='bbox 164 2135 229 2176; x_wconf 83' lang='lat' dir='ltr'><strong>tacet</strong></span> <span class='ocrx_word' id='word_1_100' title='bbox 238 2129 320 2176; x_wconf 90' lang='lat' dir='ltr'><strong>omnis</strong></span> <span class='ocrx_word' id='word_1_101' title='bbox 331 2143 399 2192; x_wconf 84' lang='lat' dir='ltr'><strong>ager,</strong></span> <span class='ocrx_word' id='word_1_102' title='bbox 410 2127 515 2191; x_wconf 87' lang='lat' dir='ltr'><strong>pecudes</strong></span> <span class='ocrx_word' id='word_1_103' title='bbox 526 2129 654 2192; x_wconf 80' lang='lat' dir='ltr'><strong>pictaeque</strong></span> <span class='ocrx_word' id='word_1_104' title='bbox 667 2128 784 2192; x_wconf 84' lang='lat' dir='ltr'><strong>volucres,</strong></span> 
     </span>
     <span class='ocr_line' id='line_1_21' title="bbox 96 2201 785 2272; baseline 0.006 -18"><span class='ocrx_word' id='word_1_105' title='bbox 96 2201 208 2270; x_wconf 77' lang='lat' dir='ltr'><strong>Quaeque</strong></span> <span class='ocrx_word' id='word_1_106' title='bbox 216 2207 288 2256; x_wconf 85' lang='lat' dir='ltr'><strong>lacus</strong></span> <span class='ocrx_word' id='word_1_107' title='bbox 298 2207 347 2256; x_wconf 83' lang='lat' dir='ltr'><strong>late</strong></span> <span class='ocrx_word' id='word_1_108' title='bbox 358 2207 464 2270; x_wconf 88' lang='lat' dir='ltr'><strong>liquidos</strong></span> <span class='ocrx_word' id='word_1_109' title='bbox 484 2223 596 2272; x_wconf 86' lang='lat' dir='ltr'><strong>quaeque</strong></span> <span class='ocrx_word' id='word_1_110' title='bbox 607 2223 694 2272; x_wconf 85' lang='lat' dir='ltr'><strong>aspera</strong></span> <span class='ocrx_word' id='word_1_111' title='bbox 704 2209 785 2258; x_wconf 87' lang='lat' dir='ltr'><strong>dumis</strong></span> 
     </span>
     <span class='ocr_line' id='line_1_22' title="bbox 97 2281 695 2352; baseline 0.01 -22"><span class='ocrx_word' id='word_1_112' title='bbox 97 2281 160 2333; x_wconf 82' lang='lat' dir='ltr'><strong>Rure</strong></span> <span class='ocrx_word' id='word_1_113' title='bbox 170 2294 264 2348; x_wconf 89' lang='lat' dir='ltr'><strong>tenent,</strong></span> <span class='ocrx_word' id='word_1_114' title='bbox 279 2303 363 2336; x_wconf 90' lang='lat' dir='ltr'><strong>somno</strong></span> <span class='ocrx_word' id='word_1_115' title='bbox 372 2289 466 2352; x_wconf 88' lang='lat' dir='ltr'><strong>positas</strong></span> <span class='ocrx_word' id='word_1_116' title='bbox 476 2287 602 2336; x_wconf 85' lang='lat' dir='ltr'><strong>subnecte</strong></span> <span class='ocrx_word' id='word_1_117' title='bbox 613 2287 695 2337; x_wconf 85' lang='lat' dir='ltr'><strong>silenti</strong></span> 
     </span>
     <span class='ocr_line' id='line_1_23' title="bbox 95 2361 669 2418; baseline 0.005 -6"><span class='ocrx_word' id='word_1_118' title='bbox 95 2361 211 2416; x_wconf 80' lang='lat' dir='ltr'><strong>Ienibant</strong></span> <span class='ocrx_word' id='word_1_119' title='bbox 221 2383 297 2417; x_wconf 85' lang='lat' dir='ltr'><strong>curas</strong></span> <span class='ocrx_word' id='word_1_120' title='bbox 316 2375 341 2416; x_wconf 87' lang='lat' dir='ltr'><strong>et</strong></span> <span class='ocrx_word' id='word_1_121' title='bbox 350 2366 426 2416; x_wconf 84' lang='lat' dir='ltr'><strong>eorda</strong></span> <span class='ocrx_word' id='word_1_122' title='bbox 436 2367 512 2416; x_wconf 88' lang='lat' dir='ltr'><strong>oblita</strong></span> <span class='ocrx_word' id='word_1_123' title='bbox 522 2367 641 2418; x_wconf 88' lang='lat' dir='ltr'><strong>laborum.</strong></span> <span class='ocrx_word' id='word_1_124' title='bbox 666 2364 669 2370; x_wconf 83' lang='lat'>&#39;</span> 
     </span>
     <span class='ocr_line' id='line_1_24' title="bbox 95 2445 744 2514; baseline 0.014 -23"><span class='ocrx_word' id='word_1_125' title='bbox 95 2445 129 2492; x_wconf 77' lang='lat' dir='ltr'><strong>rit</strong></span> <span class='ocrx_word' id='word_1_126' title='bbox 138 2462 185 2496; x_wconf 92' lang='lat' dir='ltr'><strong>non</strong></span> <span class='ocrx_word' id='word_1_127' title='bbox 195 2448 285 2497; x_wconf 74' lang='lat' dir='ltr'><strong>infelix</strong></span> <span class='ocrx_word' id='word_1_128' title='bbox 296 2449 371 2496; x_wconf 86' lang='lat' dir='ltr'><strong>snimi</strong></span> <span class='ocrx_word' id='word_1_129' title='bbox 380 2446 524 2509; x_wconf 84' lang='lat' dir='ltr'><strong>Phoenissa,</strong></span> <span class='ocrx_word' id='word_1_130' title='bbox 534 2463 615 2513; x_wconf 88' lang='lat' dir='ltr'><strong>neque</strong></span> <span class='ocrx_word' id='word_1_131' title='bbox 625 2464 744 2514; x_wconf 89' lang='lat' dir='ltr'><strong>umquam</strong></span> 
     </span>
     <span class='ocr_line' id='line_1_25' title="bbox 96 2523 740 2592; baseline 0.003 -18"><span class='ocrx_word' id='word_1_132' title='bbox 96 2523 197 2577; x_wconf 80' lang='lat' dir='ltr'><strong>Solvitur</strong></span> <span class='ocrx_word' id='word_1_133' title='bbox 209 2532 236 2578; x_wconf 92' lang='lat' dir='ltr'><strong>in</strong></span> <span class='ocrx_word' id='word_1_134' title='bbox 248 2544 355 2590; x_wconf 88' lang='lat' dir='ltr'><strong>somnos,</strong></span> <span class='ocrx_word' id='word_1_135' title='bbox 367 2528 473 2576; x_wconf 86' lang='lat' dir='ltr'><strong>oculisve</strong></span> <span class='ocrx_word' id='word_1_136' title='bbox 484 2537 528 2576; x_wconf 90' lang='lat' dir='ltr'><strong>aut</strong></span> <span class='ocrx_word' id='word_1_137' title='bbox 538 2536 635 2592; x_wconf 88' lang='lat' dir='ltr'><strong>pectore</strong></span> <span class='ocrx_word' id='word_1_138' title='bbox 645 2536 740 2578; x_wconf 83' lang='lat' dir='ltr'><strong>noctem</strong></span> 
     </span>
     <span class='ocr_line' id='line_1_26' title="bbox 94 2607 763 2673; baseline 0.006 -21"><span class='ocrx_word' id='word_1_139' title='bbox 94 2607 206 2672; x_wconf 79' lang='lat' dir='ltr'><strong>Accipit:</strong></span> <span class='ocrx_word' id='word_1_140' title='bbox 224 2608 381 2673; x_wconf 85' lang='lat' dir='ltr'><strong>ingeminant</strong></span> <span class='ocrx_word' id='word_1_141' title='bbox 391 2623 473 2670; x_wconf 83' lang='lat' dir='ltr'><strong>curse,</strong></span> <span class='ocrx_word' id='word_1_142' title='bbox 485 2623 620 2672; x_wconf 88' lang='lat' dir='ltr'><strong>rursusque</strong></span> <span class='ocrx_word' id='word_1_143' title='bbox 630 2623 763 2671; x_wconf 88' lang='lat' dir='ltr'><strong>resurgens</strong></span> 
     </span>
     <span class='ocr_line' id='line_1_27' title="bbox 95 2683 713 2753; baseline 0 -19"><span class='ocrx_word' id='word_1_144' title='bbox 95 2683 173 2737; x_wconf 82' lang='lat' dir='ltr'><strong>Saevit</strong></span> <span class='ocrx_word' id='word_1_145' title='bbox 183 2705 264 2750; x_wconf 86' lang='lat' dir='ltr'><strong>amor,</strong></span> <span class='ocrx_word' id='word_1_146' title='bbox 276 2703 413 2753; x_wconf 83' lang='lat' dir='ltr'><strong>magnoque</strong></span> <span class='ocrx_word' id='word_1_147' title='bbox 423 2688 515 2736; x_wconf 86' lang='lat' dir='ltr'><strong>irarum</strong></span> <span class='ocrx_word' id='word_1_148' title='bbox 525 2687 628 2735; x_wconf 87' lang='lat' dir='ltr'><strong>fluctuat</strong></span> <span class='ocrx_word' id='word_1_149' title='bbox 637 2693 713 2735; x_wconf 83' lang='lat' dir='ltr'><strong>aestu.</strong></span> 
     </span>
    </p>

    <p class='ocr_par' dir='ltr' id='par_1_8' title="bbox 599 2771 752 2816">
     <span class='ocr_line' id='line_1_28' title="bbox 599 2771 752 2816; baseline 0 0"><span class='ocrx_word' id='word_1_150' title='bbox 599 2781 625 2816; x_wconf 82' lang='lat' dir='ltr'><strong>v.</strong></span> <span class='ocrx_word' id='word_1_151' title='bbox 639 2771 752 2816; x_wconf 59' lang='lat' dir='ltr'><strong>stessi.</strong></span> 
     </span>
    </p>
   </div>
   <div class='ocr_carea' id='block_1_5' title="bbox 0 0 1040 3542">
    <p class='ocr_par' dir='ltr' id='par_1_9' title="bbox 0 0 1040 3542">
     <span class='ocr_line' id='line_1_29' title="bbox 0 0 1040 3542; baseline 0 4"><span class='ocrx_word' id='word_1_152' title='bbox 0 0 1040 3542; x_wconf 95' lang='lat' dir='ltr'><strong> </strong></span> 
     </span>
    </p>
   </div>
  </div>
 </body>
</html>
