2054 3546
222 419 252 462 ⁴4
365 403 595 446 ANTHOLOGIA
625 405 767 470 omits.

511 585 616 620 xxxvu.

472 691 528 743 Tlre
543 691 662 744 Seasons.

345 815 417 863 'Pver
428 822 453 862 et
464 815 559 876 Venus,
569 823 595 864 et
606 817 669 864 veris
680 817 841 879 praenuntius
853 825 912 865 ante

361 894 485 944 Pennatus
510 897 623 960 graditur
646 897 780 962 zephyrus,
806 898 912 962 vestigia

226 1021 232 1032 ι
440 983 541 1040 propter

223 1053 297 1102 Flora
307 1055 395 1117 quibus
406 1061 485 1104 mater
495 1071 673 1120 praespargens
684 1065 741 1104 ante
751 1057 800 1104 viai

222 1132 317 1182 Cuncta
326 1135 446 1183 ooloribus
456 1137 563 1200 egregiis
579 1143 605 1184 et
613 1135 729 1185 odoribus
739 1136 830 1200 opplet.

223 1213 284 1261 Inde
293 1214 340 1263 looi
351 1216 461 1278 sequitur
470 1215 537 1264 calor
548 1216 631 1266 aridus
641 1223 667 1264 et
677 1231 757 1265 comes
767 1231 818 1265 una

225 1293 397 1343 Pulverulenta
407 1295 482 1344 Ceres
492 1304 517 1345 et
527 1297 603 1344 etesia
613 1295 692 1344 flabra
702 1296 854 1360 aquilonum.

224 1373 284 1422 Inde
295 1381 427 1423 autumnus
438 1375 498 1432 adit,
508 1376 621 1440 graditur
633 1375 705 1424 simul
716 1375 812 1424 Euhius
823 1375 900 1424 Euan.

226 1452 285 1500 Inde
296 1453 358 1501 aliae
368 1461 526 1517 tempestates
538 1457 653 1520 ventique
662 1463 787 1512 secuntur,

224 1533 366 1581 Altitonans
376 1533 516 1582 Volturnus
524 1543 549 1583 et
558 1543 641 1583 auster
652 1536 755 1584 fulmine
764 1534 867 1600 pollens.

224 1611 334 1662 Tandem
344 1612 431 1661 bruma
440 1615 508 1662 nives
519 1614 597 1664 adfert
607 1617 754 1680 pigrumque
765 1617 884 1679 rigorem,

225 1691 311 1740 Prodit
328 1691 433 1757 hiemps,
449 1695 561 1758 sequitur
577 1697 700 1759 crepitans
719 1696 783 1744 hune
800 1696 915 1745 dentibus

320 1771 396 1836 algor.
768 1789 790 1823 v·
803 1778 914 1826 tet-747.

499 1919 614 1954 XXXVIII.

391 2038 572 2105 Humanizing
584 2035 734 2105 Influeuces.

229 2497 377 2557 Conubium,
387 2497 528 2561 prolemque
538 2513 570 2546 ex
581 2513 607 2546 se
618 2497 700 2546 videre
711 2504 828 2558 creatam,

230 2577 295 2626 Tum
306 2592 383 2640 genus
393 2577 526 2625 humanum
537 2579 643 2642 primum
655 2576 794 2626 mollescere
805 2578 894 2641 eoepit.

231 2657 299 2724 Ignis
308 2657 372 2706 enim
382 2658 478 2706 curavit
487 2664 516 2705 ut
527 2657 589 2706 alsia
600 2673 703 2721 eorpora
713 2657 792 2722 frigus

226 2739 282 2788 Non
298 2739 334 2787 ita
345 2740 393 2786 iam
404 2745 504 2800 possent
515 2737 577 2786 caeli
588 2736 634 2785 sub
644 2739 751 2801 tegmine
762 2737 835 2797 ferre,

229 2818 263 2867 m
274 2821 360 2868 Venus
372 2817 487 2866 inminuit
498 2818 557 2866 viris
569 2818 687 2882 puerique
698 2823 828 2879 pareutum
