2098 3546
196 387 243 444 326
340 379 569 424 Atit‘flotoou
593 376 736 420 LATJNA.

270 719 406 770 RUTILII
426 720 575 771 CLAUDII
598 721 817 771 NAMATIANL

516 917 588 954 chv.

423 1047 541 1102 Addrett
554 1056 579 1102 io
593 1049 683 1104 Rom.

213 1308 324 1397 Mt
362 1347 437 1396 Inviti
449 1353 567 1410 superant
577 1346 664 1395 limina
675 1361 745 1395 saera
755 1346 838 1411 pedes,

205 1429 310 1478 Oramus
321 1429 416 1476 venitm
425 1426 532 1475 lacrimis
544 1434 569 1475 et
578 1426 650 1475 laude
658 1427 767 1489 litamus,

236 1510 268 1558 In
279 1515 397 1573 quantum
409 1506 481 1555 fletus
490 1522 588 1555 eunere
599 1507 674 1556 verba
685 1507 783 1556 sinit.-

206 1589 313 1650 Exaudi,
324 1587 412 1651 regina
422 1586 459 1634 tui
470 1585 635 1649 pulcherrima
643 1585 737 1642 mundi,

237 1668 306 1716 Inter
316 1665 421 1715 sidereos
432 1665 512 1713 Roma
520 1673 618 1730 reoepta
627 1664 711 1730 polos!

206 1747 313 1806 Exaudi,
326 1745 440 1810 genetrix
449 1744 575 1793 hominum
588 1747 749 1810 genetrixque
759 1743 871 1793 deorum!

238 1825 296 1874 Non
307 1824 394 1888 procul
404 1839 420 1871 a
430 1824 498 1872 caelo
508 1839 553 1888 per
564 1830 607 1873 tua
618 1823 710 1887 templa
721 1839 811 1873 sumu&

207 1907 243 1955 Te
253 1906 363 1954 canimus
374 1919 525 1968 semperque,
536 1905 617 1952 sinent
627 1903 685 1950 dum
696 1903 755 1961 itte,
766 1918 881 1952 canemus
890 1922 898 1967 3

240 1985 328 2050 Sospes
338 2001 410 2034 nemo
419 1991 500 2048 potest
511 1985 640 2033 immemor
649 1999 702 2031 esso
713 1984 759 2032 tui.

209 2067 342 2116 Obruerint
352 2066 425 2114 citius
436 2063 552 2114 soelerata
563 2064 652 2112 oblivia
663 2063 746 2122 solem,

241 2147 322 2206 Quam
332 2152 389 2194 tuus
400 2160 432 2193 ex
442 2151 527 2193 nostro
537 2143 610 2193 corde
621 2143 719 2192 recedat
728 2143 810 2193 honoe

210 2227 273 2274 Nam
284 2225 341 2274 solis
353 2225 428 2273 radiis
439 2223 551 2288 aequalia
561 2238 663 2271 munere
673 2223 760 2284 tendis,

242 2305 298 2363 Qua
309 2305 470 2352 circumfusus
480 2301 583 2352 fluctuat
594 2302 713 2351 Oeetnus.

210 2385 328 2434 Volvitur
338 2384 391 2446 ipse
401 2382 455 2440 tibi,
467 2383 510 2445 qui
522 2382 629 2430 eontinet
642 2383 732 2442 omnia,
744 2379 869 2443 Phoebus,

242 2466 312 2528 Eque
324 2465 374 2511 tuis
385 2470 451 2512 ortos
461 2463 487 2510 in
498 2469 542 2511 tue
550 2462 632 2511 condit
643 2477 726 2526 equos.

211 2545 247 2593 Te
257 2561 305 2592 non
317 2543 475 2607 flammigeris
485 2541 565 2606 Libye
576 2540 683 2590 tardavit
693 2541 782 2600 arenis,

242 2625 298 2672 Non
309 2631 404 2672 armata
415 2639 459 2672 suo
470 2623 577 2686 reppulit
588 2637 645 2670 urse
656 2621 720 2686 gelu,

212 2706 338 2765 Quantum
350 2703 433 2751 vitalis
445 2711 535 2751 natura
545 2702 650 2751 tetendit
659 2703 685 2749 in
696 2715 763 2757 axes,

242 2783 350 2832 Tantum
361 2783 447 2831 virtuti
457 2782 542 2846 pervia
550 2787 617 2832 terra
627 2789 691 2830 tute.
