2098 3546
392 370 453 414 STA
460 371 548 416 rws.
655 401 657 405 -
761 385 805 436 271

116 459 229 530 Alligat3
246 464 350 514 interius
361 479 425 514 nova
435 481 508 530 saepe
519 465 660 528 adscitaque
670 472 773 530 serpunt

110 541 225 606 Pignora
235 544 358 594 oannexis.
392 543 471 594 Natos
481 546 597 610 genuisse
607 559 705 593 neeesse
715 551 761 606 est,

114 622 153 672 At
163 622 252 688 legisse
263 624 338 673 iuvat.
371 623 467 674 Tenem
479 627 514 674 sia
524 624 629 673 blandus
640 623 733 673 Achilli

114 701 221 752 Semifer
230 704 395 754 Haemonium
404 705 516 754 sinuabat
526 705 601 753 Pelea
612 703 714 753 Chiron.

115 782 169 832 Nea
179 785 277 848 genitor
287 783 375 832 Peleus
386 792 473 840 natum
483 785 613 834 semitatus
623 785 650 832 in
659 799 728 833 arma

116 861 214 920 Troica,
225 863 268 912 sed
277 878 335 912 earo
341 863 456 912 Phoenix
466 863 585 912 haerebat
595 863 701 912 alumno.

117 931 226 1007 Optabet
236 942 310 1008 longe
321 942 415 992 reditus
425 943 545 992 Pallantis
555 951 655 992 ovantes

114 1022 238 1084 Evander,
249 1022 313 1072 fidus
323 1037 420 1087 pugnas
431 1023 557 1087 spectabat
567 1023 681 1072 Acoetes

115 1102 247 1166 Quumque
258 1089 344 1167 proeul
354 1102 438 1152 nitidis
449 1103 546 1166 genitor
556 1110 664 1150 cessaret
675 1102 707 1151 ab
717 1104 800 1165 astris,

114 1181 275 1246 Fluctivagms
286 1181 410 1232 volumem
419 1181 531 1231 uomebat
540 1181 633 1230 Persea
644 1181 740 1247 Dictys.

659 1278 682 1311 r.
695 1266 774 1311 aaut.

222 1361 235 1386 ⁸
332 1359 346 1386 0
442 1357 456 1384 1
666 1359 680 1388 G
802 1385 808 1390 .

148 1419 257 1486 Septima
267 1420 321 1482 lux,
331 1427 357 1470 et
368 1421 417 1470 iam
427 1421 546 1486 frigentia
554 1359 649 1470 lumina
660 1428 766 1486 torpent,

114 1501 169 1550 Iam
180 1501 308 1566 complexa
318 1515 393 1549 manu
404 1501 497 1549 crinem
507 1507 575 1551 tenet
585 1501 664 1550 infera
674 1502 743 1550 Iuno.

114 1579 161 1628 Ille
172 1588 263 1642 tamen,
274 1580 360 1630 Pareis
370 1581 471 1646 fragiles
481 1582 627 1646 urgentibus,
634 1598 720 1643 annos,

114 1658 152 1708 'Pe
165 1660 233 1710 vultu
243 1661 364 1710 moriente
375 1661 449 1723 videt,
459 1661 593 1726 linguaque
602 1663 704 1712 audente
806 1691 807 1698 κ

114 1739 273 1805 Murmurat3
291 1741 318 1789 in
329 1748 353 1789 te
363 1757 447 1790 omnes
458 1743 529 1790 vacui
538 1743 586 1790 iam
596 1744 701 1806 pectoris
711 1742 778 1793 efflat

115 1819 264 1884 Belliquias,
276 1820 356 1870 solum
366 1823 476 1870 meminit
486 1823 614 1887 solumque
625 1831 751 1872 vocantem

114 1898 234 1962 Exaudit‚
245 1901 339 1964 tibique
350 1917 393 1950 ora
403 1910 493 1963 movet,
502 1902 548 1951 tibi
559 1903 634 1952 verba
643 1902 768 1966 relinquit,

114 1979 149 2028 m
160 1980 273 2044 prohibet
283 1981 391 2046 gemitus
401 1981 589 2045 consolaturque
600 1981 729 2032 dolentem.
778 2007 779 2012 =

116 2058 224 2110 Gratum
239 2068 285 2122 est,
302 2061 374 2126 Fata,
391 2068 482 2122 tamen,
499 2062 565 2125 quod
580 2077 630 2110 non
646 2077 712 2112 mors
726 2062 794 2112 lenta

214 2141 315 2190 iuuentis

115 2217 208 2269 Exedit
218 2221 312 2285 puerile
323 2221 407 2286 decus,
417 2238 551 2286 manesque
562 2223 655 2273 subivit

116 2302 218 2366 Integer
228 2309 254 2352 et
264 2302 333 2350 nullo
343 2310 477 2352 temeratus
487 2319 590 2368 eorpora
600 2305 697 2368 damno,

115 2379 203 2441 Qualis
211 2390 272 2431 erat.
299 2382 812 2450 Quidegoexequias,etprodigaflammis

114 2459 189 2510 Dona
200 2461 289 2525 loquar
299 2471 440 2526 maestoque
451 2463 564 2512 ardentia
575 2465 664 2514 funera
674 2465 755 2514 luxu?

115 2540 189 2601 Quod
200 2541 246 2590 tibi
255 2557 379 2608 purpureo
391 2544 470 2592 tristis
480 2550 549 2592 torus
559 2559 649 2609 aggere
660 2546 746 2606 erevit,
816 2578 818 2586 ι

115 2620 189 2681 Quod
198 2620 303 2672 ciliosm
313 2622 395 2683 flores,
406 2623 472 2686 qaod
482 2638 584 2672 munera
593 2626 711 2688 graminis
722 2625 787 2686 Indi,

115 2700 237 2765 Quodque
246 2701 354 2764 Arabes,
366 2702 500 2766 Phariique
510 2701 693 2767 Palaestinique
702 2703 809 2768 liquores

114 2780 239 2830 Arsurum
249 2780 331 2832 lavere
341 2782 454 2832 comam?
479 2781 556 2848 Cupit
567 2785 646 2832 omnia
658 2784 724 2834 ferre
