2070 3542
238 395 270 441 90
382 375 612 420 sunnonem
638 373 780 418 currus.

239 471 296 520 Non
306 485 375 519 secus
386 485 414 518 ac
425 469 511 533 patriis
522 483 578 516 acer
589 467 714 516 Romanus
725 467 751 514 in
762 467 839 515 armis

239 551 334 600 Iniusto
346 551 390 598 sub
401 547 705 611 fasceviamquomcarpit,
716 554 742 595 et
752 547 819 596 hosti

239 631 308 678 Ante
317 635 486 693 exspectatum
496 629 582 690 positis
593 636 642 674 stat
653 628 678 674 in
690 627 788 690 agmine
798 626 894 675 eastris.

271 709 309 758 At
318 724 375 770 non,
388 723 437 772 qua
448 707 563 770 Scythiae
574 716 659 769 gentes
670 706 829 768 Maeotiaque
841 706 916 762 unda,

241 789 366 838 Turbidus
378 796 402 836 et
414 799 531 850 torquens
540 785 652 834 flaventis
663 785 748 834 Hister
758 784 874 849 harenas,

241 871 345 934 Quaque
356 868 421 916 redit
431 867 536 914 medium
548 866 666 928 Rhodope
675 871 788 928 porrecta
797 865 843 912 sub
851 879 930 914 axem.

240 951 295 1000 Illic
304 951 387 998 clausa
397 954 481 996 tenent
492 947 594 994 stabulis
605 952 726 1006 armenta,
736 959 781 992 neo
792 944 858 992 ullae

241 1031 296 1078 Aut
306 1029 396 1078 herbae
407 1041 492 1090 campo
503 1025 623 1089 adparent
632 1031 675 1073 aut
685 1025 774 1072 arbore
785 1023 895 1084 frondes,

243 1111 291 1160 Sed
303 1112 365 1159 iacet
375 1107 508 1173 aggeribus
518 1106 594 1154 niveis
604 1105 715 1152 informis
725 1110 750 1151 et
761 1102 813 1151 alto

243 1192 323 1240 Terra
332 1191 390 1254 gelu
399 1189 457 1242 late,
469 1199 610 1249 septemque
621 1183 733 1246 adsurgit
742 1184 768 1232 iu
779 1182 851 1229 ulnas
861 1198 867 1226 ι

243 1269 344 1335 Semper
354 1268 456 1332 hiemps,
468 1280 562 1328 semper
573 1265 693 1327 spirantes
703 1262 798 1324 frigora
806 1261 883 1308 cauri.

243 1352 308 1400 Tum
319 1350 355 1400 sol
366 1349 479 1414 pallentis
490 1345 557 1395 haud
567 1358 682 1407 umquam
694 1341 795 1390 discutit
806 1339 916 1400 umbras,

244 1428 296 1477 Nec
302 1442 357 1475 oum
365 1428 474 1474 invectus
483 1423 552 1486 equis
560 1419 637 1468 altum
645 1419 707 1482 petit
713 1417 823 1477 aethera,
830 1427 934 1463 neccum

243 1507 405 1571 Praecipitem
417 1504 509 1554 Oceani
519 1501 594 1550 rubro
605 1499 665 1548 lavit
675 1511 781 1560 aequore
790 1509 899 1543 currum

244 1587 409 1636 Concrescunt
419 1583 513 1632 subitae
524 1579 632 1629 currenti
643 1578 668 1625 in
679 1576 780 1624 flumine
790 1581 896 1631 crustae,

244 1667 367 1732 Updaque
378 1666 427 1712 iam
437 1671 508 1727 tergo
518 1662 623 1709 ferratos
635 1658 738 1706 sustinet
748 1655 824 1716 orbis,

244 1746 372 1810 Puppibus
383 1743 425 1792 illa
435 1745 511 1807 prius,
521 1739 614 1805 patulis
624 1753 689 1785 nunc
699 1735 798 1797 hospita
806 1733 934 1798 plaustris3

245 1827 361 1888 Aeraque
372 1822 495 1872 dissiliunt
506 1821 586 1884 volgo,
596 1825 726 1880 pestesque
736 1816 863 1879 rigescunt

245 1907 359 1966 Indutae‚
369 1904 522 1966 caeduntque
534 1898 658 1948 securibus
687 1895 770 1944 umida
781 1895 846 1955 vina,

246 1987 280 2035 Et
290 1993 355 2035 totae
366 1984 468 2033 solidam
480 1983 507 2030 in
517 1979 619 2045 glaciem
630 1982 725 2026 vertare·
735 1974 837 2022 lacunae

247 2067 370 2130 stiriaque
380 2065 476 2130 inpexis
486 2061 597 2111 induruit
607 2057 708 2106 horrida
717 2055 808 2103 barbis.

754 2150 776 2185 v.
788 2137 905 2184 339·366.

519 2259 521 2264 ’
547 2258 638 2294 Lxxlv.
707 2253 709 2256 ’

476 2369 522 2418 Ure
533 2369 617 2433 Dyinp
631 2369 700 2422 dicer.

258 2452 352 2540 [ω
379 2469 445 2521 CCE
463 2479 545 2518 autem
563 2476 625 2518 duro
642 2467 738 2516 sumans
756 2466 803 2516 sub
820 2480 917 2515 vomere

252 2725 255 2733 ¹
348 2726 460 2759 cruorem

254 2768 435 2854 &domosque
446 2789 495 2838 ciet
505 2789 619 2854 gemitus.
651 2785 869 2846 latrocinaretur,
