2110 3540
399 367 587 411 TIBULLUS.

392 593 394 597 ’
440 613 541 650 cxxxv.

403 756 405 760 ’
425 737 520 808 Elegia
531 738 566 791 iv.

332 880 358 934 A
374 882 478 952 Prayer
490 890 514 935 to
529 883 655 936 Phoebus.

147 1257 227 1306 Crede
237 1257 298 1307 mihi
299 1272 435 1322 ,propere
452 1271 497 1304 nec
506 1257 554 1304 inm
565 1261 598 1316 te,
609 1253 718 1312 Phoebe,
728 1255 823 1320 pigebit

181 1336 313 1388 Formosae
324 1339 430 1386 medices
442 1337 587 1401 applicuisse
598 1351 694 1384 munus.

149 1419 225 1467 Effice
235 1433 267 1468 ue
277 1419 368 1467 macies
380 1417 500 1482 pellentes
510 1423 612 1481 occupet
622 1425 701 1476 artus,

181 1498 237 1548 Neu
244 1506 313 1548 notet
323 1499 434 1546 informis
445 1497 549 1546 candide
558 1495 669 1545 membre
679 1494 754 1554 color,

148 1579 182 1626 Et
193 1577 353 1642 quodcunque
364 1577 423 1626 meli
433 1584 472 1626 est
479 1583 504 1626 et
513 1575 629 1640 quiequid
638 1576 709 1625 triste
720 1576 842 1635 timemus,

181 1658 212 1706 In
221 1658 323 1723 pelagus
334 1657 427 1722 rapidis
437 1657 525 1706 evehat
535 1657 614 1704 amuis
624 1657 702 1719 equis.

152 1737 251 1799 Sancte,
260 1738 325 1798 veni,
337 1745 466 1800 tecumque
477 1737 547 1794 seres,
558 1737 697 1800 quicunque
709 1751 816 1800 sapores,

182 1817 328 1880 Quicunque
338 1825 363 1866 et
374 1824 461 1866 centus
470 1831 573 1880 corpore.
584 1816 650 1865 fessa
660 1814 757 1864 levent:

149 1898 206 1947 Neu
218 1899 330 1946 iuvenem
340 1905 437 1962 torque,
447 1898 534 1946 metuit
545 1897 588 1961 qui
598 1897 650 1945 fate
660 1887 764 1960 puellae,

182 1977 298 2040 Votaque
309 1993 354 2041 pro
364 1977 463 2025 domiue.
472 1977 515 2023 vix
524 1974 676 2024 numerando
686 1974 755 2023 fecit.

149 2057 279 2106 Interdum
290 2063 371 2118 vovet,
380 2056 512 2112 interdum,
522 2056 587 2119 quod
596 2055 713 2120 languent
724 2055 775 2112 ille,

184 2138 252 2186 Dicit
262 2139 288 2186 in
301 2145 413 2186 aeternos
423 2151 512 2198 aspere
522 2137 598 2185 verbe
608 2136 674 2184 deos.

150 2217 220 2266 Pone
229 2227 331 2278 metum,
342 2213 471 2266 Cerintho:
489 2217 549 2265 deus
559 2231 608 2265 non
618 2215 695 2264 laedit
705 2220 825 2264 ementes.

184 2296 225 2346 Tu
234 2296 306 2346 modo
316 2311 412 2360 semper
422 2311 491 2346 eme:
508 2295 575 2344 selva
586 2295 667 2360 puelle
677 2293 722 2343 tibi
732 2301 785 2343 estc

152 2376 197 2424 Nil
207 2391 269 2441 opus
278 2383 317 2426 est
326 2375 401 2426 fletu:
418 2376 526 2424 lacrimis
536 2377 584 2426 erit
595 2377 677 2440 aptius
687 2375 733 2430 uti,

187 2456 214 2506 Si
224 2457 322 2520 quaudo
334 2457 410 2506 luerit
420 2457 515 2505 tristior
526 2456 569 2504 ille
579 2456 633 2505 tibi.

153 2539 264 2587 Atuunc
275 2545 327 2587 tote
338 2545 382 2586 tue
392 2545 437 2594 eet,
449 2544 473 2585 te
485 2536 562 2585 solum
574 2537 680 2586 candide
690 2549 779 2584 seeum.

186 2616 295 2681 Cogitet,
304 2625 330 2666 et
339 2617 434 2666 frustra
444 2617 544 2665 credule
553 2617 627 2665 turbu
638 2615 711 2666 sedet

154 2696 263 2756 Phoebe,
274 2697 344 2747 fovee
362 2696 417 2745 luus
427 2711 518 2760 magne
529 2695 576 2744 tibi
586 2695 710 2745 tribuetur
721 2696 747 2744 in
758 2711 807 2746 uuo

188 2775 298 2840 Corpore
307 2785 404 2826 servato
415 2775 552 2824 restituisse
562 2775 631 2823 duos.
