2070 3542
237 391 281 437 134
377 374 607 418 Anemonem
634 374 777 417 mma.

234 469 267 518 Et
277 469 424 518 circumfuso
434 469 570 518 volitabant
579 469 657 517 milite
667 468 763 516 Volsci.

235 549 307 609 Eece,
320 549 394 613 iuges
403 548 484 597 medio
504 549 605 598 summis
616 549 757 596 Amasenus
771 547 900 604 abundans

236 627 371 692 Spumebet
381 629 457 692 ripis3
475 633 559 676 tantus
569 643 595 676 se
605 627 711 676 nubibus
722 626 800 675 imber

234 707 352 772 Ruperat
386 707 439 764 Ille,
450 708 536 756 innare
545 721 645 771 parans,
657 707 757 756 infantis
767 721 850 755 amore

235 787 360 836 Tardatur
379 802 485 850 caroque
494 788 564 835 oneri
574 787 653 836 timet.
688 785 777 836 Omnia
787 803 870 835 secum

234 863 352 912 Versanti
363 864 444 913 subito
454 864 497 912 vix
507 864 567 912 haec
579 863 701 911 sententia
711 861 789 911 sediti

234 943 322 991 Telum
332 944 439 1002 inmane,
449 959 525 992 manu
535 942 616 992 vuilda
626 942 691 1005 quod
702 942 765 991 forte
777 942 879 1007 gerebat

234 1023 353 1084 Bellator,
363 1022 466 1072 solidum
476 1023 548 1072 nodis
558 1029 584 1071 et
594 1022 681 1071 robore
691 1029 768 1082 welo,

235 1101 301 1150 Huic
310 1109 402 1162 natam,
413 1101 476 1150 libro
486 1108 511 1150 et
522 1101 628 1150 silvestri
639 1102 727 1150 subere
737 1101 855 1157 clausam,

235 1181 356 1247 Implicat,
364 1189 437 1245 atque
448 1181 554 1230 habilem
563 1180 658 1231 mediae
664 1182 817 1246 circumligat
827 1181 925 1245 haatne3

235 1263 316 1322 Quam
327 1263 414 1312 dextra
425 1263 519 1327 ingenti
529 1261 621 1310 librans
632 1262 668 1309 ita
678 1262 709 1310 nd
720 1261 821 1310 aethera
832 1262 913 1311 fatur:

234 1343 319 1404 Alma,
329 1343 376 1392 tibi
385 1342 458 1402 hanc,
465 1357 593 1390 nemorum
602 1341 703 1402 cultrix,
714 1341 819 1390 Latonia
829 1341 908 1406 virgo,

235 1421 292 1485 Ipse
303 1429 373 1485 pater
383 1421 500 1470 lumniam
510 1437 599 1471 voveoz
616 1427 661 1470 tua
670 1423 751 1484 prime
761 1435 806 1485 per
815 1435 888 1468 auras

235 1501 297 1550 Tela
306 1508 392 1551 tenens
401 1501 506 1565 supplex
516 1501 612 1552 hostem
620 1501 693 1565 fugit
726 1499 829 1564 Accipe,
839 1507 925 1556 testor,

235 1581 396 1642 Diva‚tua1n,
406 1596 470 1644 quae
479 1595 544 1629 nunc
554 1581 635 1630 dubiis
645 1581 807 1630 committitur
816 1581 892 1629 auris.

236 1661 317 1718 Dixit,
328 1667 353 1710 et
364 1659 470 1710 adducto
480 1667 618 1710 contortum
629 1660 718 1710 hastile
728 1659 820 1709 lacerto

235 1741 359 1793 inmittit:
376 1756 478 1790 sonuere
488 1740 582 1804 undce3
600 1740 715 1805 rapidum
725 1755 798 1804 super
808 1755 904 1790 amnem

237 1820 329 1869 Infelix
340 1821 405 1885 fugit
415 1821 441 1869 in
452 1820 532 1869 iaculo
542 1821 660 1870 stridente
668 1819 779 1870 Camilla

236 1903 274 1950 At
285 1902 505 1966 Metabus‚megna
515 1903 615 1966 propius
626 1903 675 1950 ium
693 1907 798 1962 urgente
818 1906 928 1961 caterva,

235 1982 287 2030 Det
298 1998 350 2032 sese
360 1982 434 2030 fluvio
454 1989 528 2045 atque
538 1981 636 2030 hastam
646 1997 702 2030 cum
712 1982 807 2046 virgine
818 1981 896 2030 victor

236 2061 369 2111 Gramineo
379 2063 470 2111 donum
481 2062 580 2110 Triviae
590 2061 621 2110 de
631 2063 739 2124 caespite
749 2061 824 2110 vellit.

236 2140 294 2189 Non
305 2141 375 2189 illum
385 2144 458 2191 tectis
469 2141 542 2198 ullae,
551 2157 601 2190 non
611 2141 738 2190 moenibus
747 2141 821 2189 nrbes

235 2219 360 2284 Accepere
379 2235 459 2284 neque
470 2221 521 2284 ipse
532 2236 619 2269 manus
630 2221 728 2270 feritate
739 2221 862 2270 dedisset:

235 2297 367 2348 Pastorum
378 2308 404 2349 et
413 2300 470 2348 solis
480 2302 564 2365 exegit
573 2301 697 2350 montibus
708 2315 803 2350 aevum.

235 2380 284 2429 Hic
294 2387 378 2429 natam
389 2381 415 2428 in
426 2381 506 2429 dumis
516 2382 629 2444 interque
639 2381 766 2430 horrentia
775 2380 855 2430 lustra

238 2459 389 2509 Armentelis
400 2475 478 2523 equae
489 2462 603 2510 mammis
612 2466 638 2510 et
648 2460 711 2510 lacte
719 2461 799 2510 ierino

236 2538 364 2600 Nutribat,
375 2540 466 2588 teneris
477 2540 616 2604 iumulgens
627 2539 704 2589 ubere
715 2539 799 2588 labris.

237 2615 323 2679 thue
333 2615 423 2680 pedum
432 2617 519 2681 primis
530 2617 612 2666 inians
622 2617 727 2682 vestigia
736 2615 828 2680 plantis

236 2695 372 2757 Institerat,
383 2696 463 2744 iaculo
474 2696 569 2761 palmas
580 2697 685 2744 armavit
695 2701 776 2752 acuto,

236 2773 385 2838 Spiculaque
396 2790 428 2823 ex
439 2775 542 2825 humero
552 2790 645 2840 parvae
657 2774 785 2840 suspendit
795 2782 821 2824 et
831 2789 932 2825 arcum:
