2098 3546
355 391 417 437 ΟΜ
426 391 542 435 oman·
549 389 597 434 US.
762 391 806 436 331

130 487 254 548 Nutritur,
264 485 439 549 volucrumque
449 492 542 550 potens,
551 491 576 534 et
586 481 695 532 fulminis
706 482 802 541 haeres,

161 568 282 619 Gesturus
294 582 386 615 sommo
397 566 446 615 tels
457 566 557 615 trisulca
567 565 628 614 Iovi.

130 648 173 696 Me
183 663 279 712 quoque
289 647 376 696 Pieriis
387 653 509 696 tentatum
520 647 617 710 saepius
628 644 715 705 antris,

160 728 245 778 Audet
253 743 344 793 magns
353 743 397 776 suo
406 728 504 776 mittere
513 727 593 775 Roma
603 724 648 774 deo
660 743 666 775 ι

129 808 183 858 Ism
193 807 302 856 dominus
312 823 392 868 sures,
403 808 452 855 ism
463 808 532 869 regis
543 813 609 856 tects
619 819 751 864 meremur,

160 887 194 936 Et
203 887 286 952 chelys
297 888 413 950 Augusto
424 887 503 935 indice
514 893 598 935 nostro
608 893 687 935 sonet.

428 1039 513 1076 ceux.

298 1129 343 1180 De
355 1127 406 1181 IV.
424 1127 502 1181 Cous.
517 1127 643 1180 Honorii.

305 1238 349 1293 An
362 1239 492 1310 Imperial
507 1237 649 1309 Trainiog.

225 1322 244 1373 ,Γ

214 1326 239 1411 ie
251 1363 264 1412 1
274 1363 319 1412 tibi
329 1361 480 1412 Parthorum
491 1361 578 1410 solium
588 1361 689 1411 fortuna
700 1363 814 1424 dedisset,

133 1356 161 1393 tu,
176 1346 215 1401 ⁴5³⁴

132 1360 240 1531 Cp&
265 1442 329 1493 Care
338 1457 409 1506 puer,
419 1443 541 1506 terrisque
550 1441 636 1506 procul
647 1443 799 1492 reuerendus

148 1524 190 1541 s*
211 1526 234 1541 ‘
328 1522 388 1571 Eois
437 1557 440 1564 -

126 1599 252 1652 Burburus
262 1602 365 1652 Arsacio
375 1610 534 1664 tromurgeret
544 1619 587 1654 ore
597 1605 682 1666 tiaras,

127 1681 254 1731 sufficeret
264 1683 367 1732 sublime
378 1698 465 1745 genus,
476 1684 588 1747 luxuque
598 1685 715 1736 fluentem

126 1759 217 1811 Desido
227 1763 340 1813 nobilitas
349 1773 431 1829 posset
443 1773 468 1813 te
478 1765 531 1814 sols
541 1767 612 1816 tueri.

126 1841 215 1891 Altera
226 1844 350 1892 Romsnoe
360 1845 432 1907 longe
442 1844 578 1894 rectoribus
589 1846 660 1895 sulas

126 1922 248 1972 Condicio.
280 1924 384 1973 Virtute
391 1925 468 1986 deest,
478 1941 529 1974 non
539 1927 666 1988 sunguine,
676 1927 729 1976 uiti.

125 2000 199 2049 Hunc
208 2009 292 2051 tsmen
301 2003 368 2052 houd
378 2005 517 2068 quisquam,
529 2005 572 2068 qui
582 2021 631 2054 non
641 2008 768 2069 agnoverit

220 2090 277 2130 anto

127 2159 218 2220 Semet,
228 2169 254 2210 et
263 2163 367 2212 incertos
377 2165 452 2213 enimi
462 2167 586 2228 pacaverit
597 2174 687 2228 tostus,

124 2241 243 2291 Inveniet.
278 2242 371 2304 Iungis
380 2243 437 2292 illuc
448 2245 592 2309 smbsgibus
602 2249 660 2298 itur.

124 2321 206 2370 Maior
217 2327 242 2370 st
251 2321 337 2372 utilior
347 2323 399 2372 fsto
408 2326 537 2374 coniuncte
548 2329 650 2391 potenti,

123 2400 183 2448 Vile
194 2400 273 2450 latens
283 2403 376 2451 vir-tusc
394 2403 456 2468 quid
465 2406 529 2452 euim
540 2406 668 2456 submersu
678 2409 786 2457 tenebris

122 2480 238 2529 Proderit
247 2481 377 2530 obscuris?
394 2482 470 2531 veluti
481 2485 532 2532 sine
542 2486 633 2549 remige
643 2488 751 2551 puppis?

122 2558 172 2608 Vel
181 2560 244 2624 tyrs,
254 2575 317 2625 quse
325 2563 411 2610 reticet
419 2580 427 2626 3
437 2562 484 2624 vel,
491 2565 533 2626 qui
540 2579 588 2613 non
597 2566 714 2627 tenditur,
721 2567 812 2616 arcus?

153 2640 228 2690 Disce
238 2649 307 2690 ortus
318 2656 379 2705 quos
389 2643 494 2708 quisque
511 2643 584 2694 subit.
617 2645 680 2697 Cum
698 2647 812 2696 conderet

217 2729 287 2770 artus
