2054 3546
235 385 266 442 58
378 341 607 424 ANi‘nonooIA
632 380 773 424 mmai.

236 472 315 522 Simul
325 473 385 522 haee
394 474 523 523 eomitibus
534 474 602 523 Attis
612 475 699 523 eeeinit
709 473 785 524 notha
795 473 893 536 mulier,

235 551 340 602 Thiasus
351 561 449 618 repente
459 554 550 618 linguis
560 555 744 618 strepitantibus
754 553 842 612 ululat,

234 633 299 682 Leve
310 638 453 698 tympanum
464 635 580 701 remugit,
591 649 651 683 cava
660 635 773 700 cymbala
782 643 923 700 recrepant,
1024 671 1025 712 ,

235 711 348 761 Viridem
359 713 423 761 citus
434 713 485 762 adit
496 713 566 761 idam
577 722 722 778 properante
733 714 794 778 pede
804 712 904 764 chorus.

235 791 378 840 Furibunda
387 793 459 841 simul
465 793 581 842 anhelans
588 808 651 858 vaga
658 793 725 842 vadit
733 794 839 842 animam
848 809 924 858 agens

236 869 358 920 comitata
368 878 486 935 tympano
495 872 565 920 Attis
573 887 619 935 per
628 887 705 936 opaea
714 888 817 921 nemore
828 872 891 935 dux,

235 950 323 999 Veluti
333 951 434 998 iuventa
443 951 523 999 vitans
533 966 595 999 onus
605 951 723 1000 indomita
733 953 800 1017 iugis

237 1029 347 1094 Rapidae
358 1029 443 1078 dneem
454 1037 591 1092 sequuntur
601 1029 687 1080 Gallae
699 1031 892 1095 properipedem.

236 1109 332 1173 Itaque,
345 1117 373 1159 ut
382 1110 480 1159 domum
491 1109 605 1174 Cybelles
616 1112 718 1176 tetigere
728 1111 841 1173 lassum,

237 1189 321 1239 Nimio
331 1189 438 1240 elabere
449 1205 560 1238 somnum
570 1191 670 1254 capiunt
677 1191 729 1240 sine
740 1190 839 1241 Cerere.

236 1268 312 1334 Piger
321 1269 360 1318 his
370 1269 468 1318 labante
479 1269 580 1333 langore
590 1269 673 1319 oeulos
683 1285 755 1335 sopor
765 1272 861 1336 operit:

237 1349 301 1397 Abit
310 1349 336 1397 in
346 1351 428 1415 quiete
437 1348 505 1397 molli
515 1349 615 1398 rabidus
625 1349 694 1398 brror
704 1351 786 1399 animi

238 1422 287 1472 Sed
297 1424 339 1473 ubi
350 1426 400 1474 oris
409 1427 479 1472 aurei
490 1424 532 1473 Sol
541 1424 694 1474 radiantibus
704 1425 780 1475 oculis

236 1502 364 1553 Lustrsvit
373 1504 473 1552 aethera
483 1503 573 1564 album,
586 1502 637 1554 sols
647 1504 717 1566 durs,
727 1520 795 1554 mare
805 1504 894 1564 ferum,

236 1583 383 1647 Pepulitque
394 1584 471 1632 noetis
482 1583 581 1632 umbras
591 1585 685 1649 vegetis
695 1584 862 1648 sonipedibus,

237 1662 278 1710 Ibi
289 1662 410 1726 sompnus
421 1663 528 1710 excitum
542 1664 613 1712 Attin
625 1663 722 1728 fugiens
732 1665 796 1713 eitus
807 1663 884 1712 abiit:

237 1742 387 1808 Trepidante
398 1759 455 1791 eum
465 1745 557 1808 reeepit
567 1743 614 1792 dee
621 1743 739 1794 Pasithea
750 1744 813 1794 sinu.

238 1821 279 1872 Ite
288 1823 317 1871 de
329 1823 411 1888 quiete
422 1823 489 1872 melli
498 1825 584 1888 rapida
594 1826 647 1874 sine
657 1824 726 1874 rabie

240 1901 318 1951 Simul
328 1904 380 1968 ipse
392 1910 489 1968 pectore
500 1904 570 1952 Attis
581 1918 626 1952 sus
635 1903 701 1952 faeta
710 1903 822 1963 recoluit,

239 1981 394 2047 Liquidsque
404 1990 484 2031 mente
494 1982 556 2030 vidit
567 1983 618 2031 sine
629 1984 699 2047 queis
709 1983 800 2047 ubique
811 1981 886 2044 foret,

239 2062 332 2110 Animo
343 2068 469 2111 aestuante
477 2077 562 2110 rusum
572 2063 678 2112 reditum
690 2062 721 2111 ed
730 2061 793 2111 vada
802 2061 895 2112 tetulit.

240 2140 280 2190 Ibi
290 2143 369 2191 meris
376 2151 445 2190 vasta
454 2143 536 2191 visens
546 2141 731 2192 lacrimantibus
739 2141 824 2200 oeulis,

241 2221 352 2271 Patriam
362 2221 469 2270 allocuta
478 2228 595 2270 meestast
605 2222 640 2270 ita
649 2237 707 2271 voee
717 2222 847 2270 miseriter.

273 2301 375 2350 ‘Patria
384 2316 400 2349 ο
409 2302 458 2349 mei
468 2301 582 2358 creatrix,
592 2303 673 2365 petria
683 2317 699 2350 o
708 2315 763 2350 mea
773 2301 898 2366 genetrix,

242 2381 296 2446 Ege
307 2396 380 2444 quam
389 2381 462 2430 miser
471 2380 621 2444 relinquens,
630 2381 740 2430 dominos
750 2387 779 2429 ut
788 2380 920 2447 heriiugae

241 2459 340 2510 Famuli
350 2458 436 2521 solent,
447 2459 478 2507 ad
488 2459 547 2507 Idae
557 2461 629 2508 tetuli
639 2475 738 2509 nemore
748 2459 845 2523 pedem,

244 2540 282 2590 Ut
291 2545 352 2604 aput
361 2539 441 2587 nivem
452 2547 477 2586 et
487 2538 595 2587 ferarum
606 2540 687 2604 gelide
698 2539 795 2590 stabula
803 2539 883 2588 forem

244 2621 279 2671 Iit
287 2634 372 2686 aarum
383 2619 465 2668 omnia
475 2619 567 2668 adirem
578 2620 711 2670 furibunda
720 2619 832 2682 latibula,

246 2701 354 2752 Ubinam
364 2706 408 2748 aut
418 2699 507 2763 quibus
516 2699 576 2748 locis
585 2708 610 2749 te
619 2701 732 2765 positam,
743 2699 833 2764 patria,
843 2699 923 2750 reor?

246 2779 322 2845 Cupit
333 2781 388 2844 ipsa
398 2779 490 2842 pupule
500 2778 530 2826 ed
541 2786 566 2828 te
577 2780 623 2830 eibi
633 2781 739 2845 dirigere
750 2781 837 2842 retem,
