2054 3546
227 369 258 414 30
375 352 606 396 ANTHOLOGIA
632 353 774 395 LATINA.

228 444 274 493 Sed
285 445 320 493 nil
331 445 424 495 dulcius
436 453 482 508 est,
493 447 555 494 bene
567 462 641 512 quam
651 449 748 495 munita
758 455 841 496 tenore

225 524 300 574 Edita
309 525 419 578 doctrina
429 528 566 591 sapientum
578 527 670 591 templa
681 543 775 588 serena,

225 605 357 668 Despieere
368 607 433 654 unde
444 622 520 671 queas
531 607 591 656 alios
601 609 741 672 passimque
752 607 835 657 videre

225 681 317 731 Errare
328 690 403 746 atque
414 685 479 732 viem
490 684 598 749 palantis
610 700 730 749 quaerere
739 686 814 747 vitae,

226 762 327 812 Certure
338 765 446 828 ingenio,
456 764 603 812 contendere
613 765 750 826 nobilitate,

226 841 317 892 Noctes
326 851 399 906 etque
411 843 463 892 dies
473 844 519 892 niti
531 851 672 907 praestante
682 844 767 892 labore

225 923 269 971 Ad
280 939 386 972 summas
397 939 521 988 emergere
532 939 591 988 opes
601 939 732 988 rerumque
743 924 825 988 potiri.

226 1003 248 1052 0
259 1005 361 1052 miseras
372 1002 498 1051 hominum
508 1011 611 1066 mentes,
622 1020 637 1052 o
648 1013 747 1068 pectore
756 1019 828 1052 caece
838 1005 843 1050 !

140 1143 142 1149 Α
226 1081 345 1141 Qualibus
356 1084 382 1131 in
393 1083 500 1132 tenebris
512 1085 576 1132 vitae
587 1085 734 1147 quantisque
744 1083 842 1148 petiolis

225 1162 332 1228 Degitur
341 1163 387 1212 hoc
398 1165 452 1212 aevi
463 1164 667 1229 quodcumquest!
685 1180 765 1214 nonne
776 1164 859 1212 videre

225 1242 269 1290 Nil
279 1243 346 1291 eliud
357 1244 403 1292 sibi
414 1251 529 1292 notorem
540 1244 640 1304 lettere,
650 1245 699 1292 nisi
710 1251 747 1305 ut,
758 1245 816 1307 quoi

226 1321 334 1386 Corpore
344 1325 468 1371 seiunctus
480 1323 548 1371 dolor
559 1323 632 1383 absit,
643 1331 724 1372 mente
734 1324 833 1372 fruatur

225 1399 336 1449 Ineundo
346 1416 419 1449 sensu
429 1416 489 1448 eure
500 1402 602 1448 semotu'
613 1401 748 1465 metuque?

225 1480 293 1544 Ergo
303 1495 444 1544 corpoream
455 1479 487 1528 ad
497 1487 611 1527 naturam
618 1495 697 1543 panea
707 1481 817 1530 videmus
869 1511 872 1517 ·

225 1560 287 1608 Esse
297 1575 358 1624 opus
369 1561 476 1618 omnino,
486 1573 550 1622 qnae
561 1558 660 1607 demant
670 1575 774 1624 eumque
785 1560 901 1624 dolorem,

226 1639 333 1688 Delicias
344 1655 441 1702 quoque
452 1639 489 1687 uti
499 1638 589 1687 multas
601 1640 757 1688 substernere
766 1642 869 1704 possint

227 1720 330 1769 Gratius
340 1719 463 1768 interdum
474 1734 554 1782 neque
565 1725 654 1767 natura
664 1721 719 1783 ipsa
728 1721 844 1784 requirit,

228 1799 253 1848 Si
265 1815 313 1847 non
322 1815 397 1848 auree
408 1805 465 1847 sunt
474 1800 589 1846 iuvenum
601 1798 732 1847 simulacre
742 1815 787 1864 per
798 1799 871 1848 aeder

226 1879 364 1944 Lampadas
376 1879 493 1943 igniferas
503 1878 616 1926 menibus
626 1879 758 1927 retinentia
768 1879 872 1942 dextris,

226 1959 333 2007 Lumina
344 1959 469 2007 nocturnis
481 1958 560 2022 epulis
572 1964 600 2004 ut
612 1957 807 2020 suppeditentur,

227 2038 279 2088 Nec
290 2039 376 2087 domus
388 2045 490 2104 argento
499 2037 578 2102 fulget
589 2053 698 2100 auroque
709 2039 806 2087 renidet

227 2116 280 2165 Nee
291 2117 399 2166 citharae
411 2117 513 2165 reboent
524 2115 639 2179 laqueata
650 2123 786 2179 aurataque
797 2123 871 2168 tecta.

226 2195 290 2245 Cum
300 2203 382 2244 temen
393 2198 458 2246 inter
469 2212 493 2244 se
505 2196 622 2259 prostrati
634 2196 660 2242 in
670 2196 782 2260 gramine
793 2196 862 2244 molh

226 2274 332 2340 Propter
342 2291 421 2338 equae
432 2277 512 2324 rivum
523 2275 569 2324 sub
580 2275 656 2323 ramis
667 2275 761 2324 arboris
772 2275 837 2325 altae

227 2355 285 2405 Non
295 2357 393 2420 magnis
404 2355 490 2420 opibus
501 2354 605 2403 iucunde
614 2369 717 2419 corpore
726 2362 824 2418 curant,

226 2435 374 2485 Praesertim
386 2451 441 2484 oum
452 2441 583 2498 tempestas
595 2433 691 2483 adridet
701 2441 726 2483 et
737 2437 795 2484 anni

228 2516 350 2580 Tempore
359 2519 523 2578 conspergunt
533 2513 661 2562 viridantis
671 2515 771 2586 floribus
782 2514 881 2565 herbns.

228 2596 280 2646 Nee
291 2597 383 2645 calidae
394 2596 466 2643 eitius
477 2593 596 2642 decedunt
605 2610 705 2659 corpore
716 2594 805 2657 febres,

227 2677 366 2726 Textilibus
378 2677 397 2724 si
409 2677 435 2724 in
445 2674 549 2739 picturis
560 2680 675 2737 ostroque
686 2675 785 2724 rubenti

228 2757 340 2820 laeteris,
351 2771 424 2820 quam
436 2757 457 2803 si
468 2757 492 2802 in
503 2752 601 2819 plebeia
612 2762 679 2803 veste
686 2755 828 2804 'cubandum
839 2763 885 2804 est.

824 2851 846 2884 v.
862 2839 924 2884 let&
