2110 3540
401 383 591 428 sonemus.
801 399 846 449 ¹73

149 477 261 528 Demitto
272 477 404 536 auriculas,
415 485 444 526 ut
455 479 554 543 iniquae
565 477 655 525 mentis
665 475 765 538 asellus,

149 559 213 609 Cum
223 561 324 624 gravius
335 559 407 608 dorso
419 559 496 608 subiit
505 573 573 608 onus.
607 555 698 621 Incipit
710 557 750 606 ille

149 639 192 688 ‘Si
206 639 267 688 bene
279 655 318 686 me
331 640 395 696 novi,
406 655 457 687 non
471 638 573 687 Viscum
583 637 662 702 pluris
672 638 785 694 amicum,

149 717 207 766 Non
218 718 324 766 Varium
335 719 424 768 facies:
443 733 500 765 nam
512 719 567 781 quis
578 731 618 764 me
630 717 736 765 scribere
748 716 830 780 plures

149 799 205 847 Aut
216 800 290 848 citius
301 800 379 862 possit
389 814 474 846 versus
485 799 496 845 l
514 799 568 860 quis
579 796 691 845 membra
701 813 798 846 movere
889 791 890 794 '

150 879 272 928 Mollius?
289 879 398 927 invideat
406 879 472 941 quod
482 887 507 926 et
518 878 688 942 Hermogenes
697 893 743 942 ego
751 881 839 926 canto?

150 959 333 1022 Interpellandi
343 958 411 1007 locus
422 959 461 1007 hic
472 967 539 1008 erat:
557 958 620 1006 ‘Est
630 957 675 1006 tibi
686 965 774 1019 mater,

150 1040 266 1106 Cognati,
284 1037 340 1102 quis
355 1045 380 1087 te
395 1039 462 1087 salvo
477 1047 515 1087 est
530 1039 625 1103 opusi'
663 1037 754 1086 ‘Haud
767 1038 829 1086 mihi

247 1121 393 1182 quisquam:

153 1199 239 1248 Omnis
250 1200 391 1262 composui!
423 1197 532 1246 ‘Felices
542 1199 547 1244 l
565 1197 638 1246 Nunc
649 1213 696 1262 ego
707 1204 781 1246 resto.

152 1279 265 1330 Conlioe:
282 1295 388 1343 namque
399 1280 474 1326 instat
485 1279 563 1326 fatum
575 1279 636 1326 mihi
648 1280 728 1338 triste,
741 1275 839 1325 Sabella

154 1360 227 1418 Quod
239 1376 317 1424 puero
327 1360 416 1408 cecinit
426 1359 508 1408 divina
517 1367 584 1406 mota
595 1373 656 1406 anus
666 1362 742 1407 urna:

153 1438 228 1488 Hunc
237 1455 317 1503 neque
327 1439 383 1487 dira
390 1455 493 1501 venena,
501 1455 546 1487 nec
554 1439 663 1488 hosticus
670 1439 765 1486 auferet
774 1438 849 1497 ensis,

154 1521 207 1570 Nec
217 1521 324 1568 laterum
335 1519 404 1568 dolor
415 1526 459 1567 aut
469 1520 554 1580 tussis,
565 1535 610 1568 neo
620 1519 691 1567 tarda
702 1518 825 1583 podagra:

156 1600 277 1650 Garrulus
285 1600 351 1648 hunc
357 1599 455 1662 quando
461 1607 710 1661 consumetonmque:
728 1599 849 1662 loquaces,

157 1680 184 1730 si
195 1681 284 1744 sapiat,
295 1681 365 1740 vitet,
377 1679 535 1743 simulatque
547 1679 679 1727 adoleverit
690 1682 773 1729 aetas!

155 1761 266 1810 Ventum
276 1767 331 1808 erat
341 1759 374 1808 ad
384 1759 487 1820 Vestae,
499 1767 588 1823 quarta
600 1761 649 1807 iam
659 1767 730 1822 parte
741 1759 791 1808 diei

156 1842 303 1902 Praeterita,
315 1849 340 1888 et
349 1855 408 1888 casn
420 1847 479 1888 tuno
489 1840 636 1902 respondere
647 1839 735 1888 vadato

157 1918 286 1980 Debebat3
304 1916 369 1980 quod
379 1917 405 1964 ni
416 1915 521 1976 lecisset,
531 1916 633 1978 perdere
643 1917 721 1964 litem.

157 1997 202 2047 ‘Si
217 2013 257 2046 mo
273 1997 358 2053 amas?
373 1997 463 2060 inquit,
480 1995 596 2059 ‘paulurn
613 1996 653 2045 hic
670 1995 748 2044 ades’
787 1995 840 2043 ‘In-

251 2085 354 2138 teream,
365 2077 386 2124 si

157 2159 212 2211 Aut
223 2158 293 2206 valeo
305 2165 370 2205 stare
381 2163 424 2204 aut
434 2157 491 2204 novi
501 2155 581 2204 civilia
592 2157 659 2205 iura:

158 2239 191 2287 Et
200 2253 307 2302 propero
319 2253 368 2300 quo
379 2237 445 2285 scis.'
479 2236 591 2286 ‘Dubius
603 2251 665 2293 sum,
677 2235 737 2298 quid
747 2234 852 2298 faciam,’

252 2319 342 2380 inquit,

158 2397 245 2445 ‘Tene
259 2398 397 2460 relinquam
416 2411 448 2444 an
458 2397 527 2444 rem?
565 2395 635 2458 ‘Me,
650 2396 738 2446 sodes.'
778 2396 852 2446 ‘Non

254 2477 356 2524 faciam’
369 2477 419 2538 ille,

160 2555 436 2622 Etpraecedereooepit.
463 2555 853 2622 Ego‚utcontenderedurumest

160 2636 223 2686 Cum
229 2639 329 2699 victore,
336 2653 433 2701 sequor.
454 2638 600 2686 ‘Maecenas
607 2637 729 2701 quomodo
737 2643 817 2684 tecum
827 2637 853 2684 i'

161 2715 226 2765 Hinc
236 2718 340 2782 repetit:
358 2721 506 2783 ‘pancorum
522 2717 648 2766 hominum
657 2725 682 2766 et
690 2717 778 2765 mentis
792 2716 853 2766 bene

258 2797 350 2846 sanae!
885 2795 888 2800 '
