2110 3540
381 354 535 397 orlatus.

427 535 487 570 otx.

390 639 473 694 Liber
486 660 530 695 xv.

313 767 367 820 Tre
381 769 473 838 Stagos
486 774 522 840 of
530 773 603 841 Life.

124 1023 164 1111 :ff
217 1030 231 1053 ᾖ
253 1057 361 1120 Aspicis,
371 1057 458 1105 aetatis
468 1065 623 1122 peragentem
636 1058 770 1107 imitamina
801 1101 802 1104 ,

212 1137 330 1186 nostrae?

112 1216 174 1265 Nam
187 1225 256 1266 tener
267 1226 292 1266 et
301 1217 393 1265 lacteus
404 1217 522 1281 puerique
533 1217 670 1266 simillimus
681 1233 740 1266 aevo

113 1296 180 1344 Vere
192 1313 254 1346 novo
263 1305 310 1354 est,
322 1305 381 1345 tunc
391 1279 470 1344 he'rba
479 1312 564 1345 recens
575 1303 600 1343 et
610 1297 704 1345 roboris
713 1313 801 1361 expers

110 1376 215 1442 Turget,
225 1384 250 1426 et
260 1376 366 1425 insolida
376 1383 422 1434 est,
432 1383 458 1424 et
469 1392 511 1440 spe
522 1376 626 1424 delectat
637 1386 753 1442 agrestes.

112 1457 200 1505 Omnia
211 1464 269 1506 tunc
278 1457 376 1520 florent,
387 1457 524 1520 florumque
534 1456 655 1505 coloribus
666 1458 744 1506 almus

109 1535 185 1586 Ludit
200 1552 268 1602 ager,
285 1553 363 1601 neque
379 1538 459 1586 adhuc
473 1539 551 1585 virtus
567 1539 593 1586 iu
609 1537 734 1586 frondibus
750 1537 801 1586 ulla

206 1627 249 1668 cst

111 1698 213 1747 Transit
222 1701 248 1747 in
259 1705 377 1747 aestatem
386 1705 441 1762 post
452 1715 495 1748 ver
506 1699 628 1750 robustior
639 1715 725 1756 annus,

109 1778 199 1842 Fitque
209 1778 403 1843 valeusniuvenis.
424 1778 511 1842 Neque
523 1781 588 1827 cuim
599 1781 721 1828 robustior
732 1787 799 1828 aetas

110 1857 177 1914 Ulla,
188 1873 233 1906 nec
244 1847 351 1910 uberior.
362 1873 406 1906 nec
417 1873 481 1921 quae
494 1861 574 1923 magis
586 1860 670 1908 ardeat
681 1861 731 1908 ulla
741 1867 786 1909 est.

109 1937 210 2000 Excipit
221 1945 361 1998 autumnus,
371 1939 451 2001 posito
461 1938 556 1987 fervore
567 1941 679 1988 iuventae

110 2017 226 2064 Maturus
237 2018 351 2079 mitisque
362 2019 426 2066 inter
437 2019 595 2082 iuvenemque
606 2035 735 2083 senemque

110 2096 240 2160 Temporis
252 2097 355 2156 medius,
367 2111 465 2159 sparsus
476 2113 574 2160 quoque
584 2106 693 2162 tempora
703 2102 778 2148 canis.

110 2173 173 2223 Inde
184 2175 267 2223 senilis
277 2174 372 2238 hiemps
384 2177 487 2224 tremulo
498 2179 565 2226 'veuit
574 2178 674 2226 horrida
684 2194 766 2242 passu,

109 2255 282 2318 Autspoliata
293 2269 359 2315 suos,
370 2263 422 2316 aut,
433 2271 494 2320 quos
505 2257 587 2318 habet,
598 2258 653 2306 alba
664 2259 770 2322 capillos.

111 2334 204 2383 Nostra
216 2349 313 2398 quoque
320 2335 427 2398 ipsorum
439 2351 534 2400 semper
543 2339 674 2400 requieque
685 2339 737 2386 sine
747 2340 797 2387 ulla

111 2414 222 2478 Corpora
232 2422 376 2466 vertuntur:
394 2431 439 2465 nec
450 2417 516 2479 quod
525 2416 646 2475 fuimusve
656 2433 777 2475 sumusve,

110 2493 173 2543 Cras
183 2496 284 2543 erimus.
317 2495 376 2542 Fuit
386 2495 429 2542 illa
441 2495 501 2556 dies,
511 2510 561 2559 qua
571 2497 664 2546 semina
674 2504 777 2554 tantum,

112 2573 222 2639 Spesque
238 2574 364 2622 homiuum
382 2575 476 2638 primae
496 2582 607 2622 materna
628 2575 788 2624 habitavimus

206 2652 267 2702 alvo.
626 2668 630 2674 ·

109 2730 229 2780 Artifices
239 2740 328 2781 natura
337 2747 424 2781 manus
435 2733 549 2790 admovit,
561 2741 586 2781 et
596 2734 655 2795 angi

110 2806 222 2874 Corpora
234 2811 365 2859 visceribus
375 2810 493 2860 distentae
503 2811 600 2860 condita
610 2811 695 2861 matris

438 2901 455 2943 Q
