2110 3540
359 365 500 408 PBOPER
506 365 593 408 TIUS.
775 381 820 429 207

131 457 186 506 Non
197 455 246 505 fuit
256 457 351 506 exuuiis
363 459 438 507 tentis
449 457 566 508 Cornelis
577 458 706 509 damnum:

162 536 230 596 Quin
239 543 293 584 erat
303 542 328 584 et
337 553 440 601 magnae
451 553 509 602 pers
519 538 638 587 imitanda
648 538 741 587 domus.

132 617 184 666 Nec
195 632 250 665 mee
260 622 355 665 mutate
364 625 402 666 est
412 625 495 682 aetas3
512 619 565 667 sine
576 619 678 667 crimine
689 625 741 667 tots
750 624 801 668 estc

163 697 282 746 Viximus
293 699 400 762 insignes
410 699 475 746 inter
485 705 616 761 utramque
627 698 711 747 facem

133 778 170 827 Mi
180 785 270 826 nature
280 778 347 826 dedit
357 778 425 843 leges
434 794 450 826 a
461 779 581 842 sanguine
591 777 687 840 ductes,

165 858 203 906 Ne
213 873 309 922 possem
319 857 405 906 melior
416 858 503 906 iudicis
514 873 567 906 esse
577 865 652 906 metu.

133 936 264 998 Quaelibet
274 947 384 987 austeras
395 938 426 985 de
437 953 476 986 me
487 937 552 986 ferat
562 953 626 986 urna
637 939 751 989 tabellas:

165 1017 427 1082 Turpiorsssessuncn
438 1019 486 1066 erit
496 1017 547 1065 ulle
556 1033 617 1065 meo.

134 1097 182 1146 Vel
194 1105 231 1158 tu,
242 1112 305 1161 quae
315 1101 412 1146 tardam
423 1098 520 1145 movisti
529 1097 588 1146 fune
598 1097 725 1160 Cybellen,

166 1176 391 1237 claudianenses
404 1192 462 1225 rere
472 1177 585 1225 ministrs
596 1177 671 1240 deae3

135 1256 185 1304 Vel
195 1257 244 1313 cni,
254 1256 396 1306 commissos
406 1271 463 1304 cum
474 1256 554 1304 Veste
563 1265 702 1319 reposceret
716 1259 796 1320 ignes,

167 1334 289 1386 Exhibuit
299 1337 366 1384 vivos
375 1336 492 1383 carbasus
503 1335 558 1383 niba
569 1334 643 1383 imos.

138 1416 190 1465 Nec
201 1424 234 1478 te,
245 1415 316 1464 dulce
326 1424 409 1480 ceput,
421 1423 499 1464 muter
510 1414 645 1475 Scribonia,
656 1415 722 1464 laesi.

169 1497 199 1544 In
210 1511 250 1544 me
260 1503 382 1544 mutatum
392 1495 452 1559 quid
462 1495 510 1543 nisi
520 1494 573 1542 icta
583 1495 642 1543 velis
652 1495 664 1542 i

137 1577 259 1626 Maternis
268 1575 355 1625 laudor
365 1575 474 1624 lacrimis
483 1573 600 1637 urbisque
611 1575 734 1638 querellis,

169 1657 278 1705 Defensa
289 1663 314 1704 et
325 1656 418 1721 gemitu
429 1655 539 1704 Caesaris
550 1669 606 1702 csse
615 1670 676 1704 mea.

138 1736 184 1786 Ille
196 1753 240 1786 sun
251 1745 311 1786 neta
319 1736 418 1801 dignam
430 1736 520 1783 vixisse
530 1749 639 1783 sororem

172 1817 304 1882 Increpct3
321 1824 346 1866 et
356 1816 470 1864 lacrimas
481 1814 587 1863 vidimus
598 1816 634 1864 ire
644 1815 696 1864 deo.

139 1898 172 1947 m
182 1905 264 1947 tamen
274 1898 367 1946 emerui
379 1911 509 1960 generosus
520 1897 595 1944 vestis
606 1895 719 1956 honores,

171 1977 224 2026 Nec
233 1977 328 2026 meede
339 1976 416 2025 sterili
427 1976 492 2025 facts
504 1977 592 2040 rapine
601 1975 681 2026 domo.

140 2057 189 2118 Τυ,
199 2056 300 2120 Lepide,
307 2064 332 2106 et
343 2064 379 2117 tu,
389 2056 485 2117 Paullo,
493 2071 573 2104 meum
585 2063 641 2120 pcst
652 2055 704 2104 iate
713 2056 831 2113 levamen,

172 2137 278 2186 Condita
290 2143 348 2184 sunt
359 2143 442 2184 restro
452 2135 546 2184 lumina
558 2143 643 2184 nostra
654 2137 716 2184 sinu.
807 2151 808 2154 ¹

141 2216 257 2265 Vidimus
268 2223 294 2266 et
303 2216 407 2265 fratrem
418 2215 501 2264 sellem
513 2217 652 2281 geminasse
663 2216 781 2277 curulem,

175 2295 280 2346 Consule
291 2311 341 2360 quc
351 2297 417 2344 facto
427 2303 537 2360 tempore
548 2304 619 2360 repis
630 2311 708 2346 soror.

141 2375 216 2433 Filia,
225 2383 253 2424 tu
264 2376 387 2440 specimen
397 2391 516 2426 censurae
526 2383 585 2425 nata
594 2383 722 2442 paternae,

175 2456 226 2504 Fec
235 2463 319 2506 teneas
329 2472 415 2517 unum,
427 2473 471 2506 nus
483 2458 588 2520 imitata,
600 2457 688 2518 virum,

143 2536 178 2586 Et
189 2537 251 2586 serie
262 2536 346 2586 fulcita
357 2552 443 2600 genus.
477 2537 544 2586 Mihi
553 2537 643 2602 cymba
652 2536 744 2586 volenti

176 2613 293 2674 Solvitur,
306 2617 414 2664 aucturis
425 2623 462 2665 tot
471 2631 526 2664 mec
535 2616 588 2665 fata
597 2618 666 2666 meis.

144 2694 214 2744 Haec
224 2702 262 2743 est
272 2693 371 2744 feminei
381 2711 474 2744 merces
484 2703 596 2744 extreme
605 2694 732 2760 triumphi,

177 2773 275 2823 Iautiet
285 2775 328 2824 ubi
338 2777 468 2824 emeritum
479 2775 557 2824 libera
567 2775 633 2824 fama
643 2791 730 2841 rogum
