2054 3546
371 383 602 429 Anrnonotm
628 383 770 428 mm.

549 589 596 624 vn.

409 693 520 746 Rudent.
555 691 617 746 Act.
629 709 649 745 1.
663 709 698 746 sc.
711 690 739 744 ii.

438 820 571 878 Daemones,
580 816 707 879 Sceparnio.

508 936 637 1000 Sccpomic.

277 1006 314 1089 ,Le
322 1004 331 1061 ss'
376 1017 407 1071 D.
419 1017 584 1079 oPalaemon,
595 1023 677 1066 sancta
689 1016 798 1081 Neptuni
807 1031 897 1073 comes,

301 1090 346 1191 (ᾗ
369 1096 466 1162 Quique
478 1097 584 1146 Hercule
595 1097 631 1146 illi
642 1098 721 1146 socius
732 1112 786 1146 esse
795 1096 891 1155 diceris,

625 1258 692 1319 Quid
701 1258 768 1308 vides
777 1257 789 1306 i

759 1338 920 1389 Muierculu

229 1420 311 1469 Video
321 1420 426 1469 sedentis
436 1420 463 1468 in
473 1421 564 1484 scapha
574 1419 637 1469 solas
648 1419 716 1470 duas.

229 1499 266 1548 Ut
276 1499 431 1547 adflictantur
441 1500 543 1546 miserae
553 1499 671 1562 i-Euge,
680 1501 756 1563 euge!
773 1499 879 1563 perbene

229 1579 271 1628 Ab
283 1595 343 1627 saxo
354 1578 653 1627 avortitfluctueadlitus
664 1578 788 1642 scapham,
1015 1635 1016 1644 ἵ

230 1659 316 1722 Neque
326 1658 476 1722 guberuator
486 1672 594 1722 unquam
605 1658 685 1722 potuit
695 1659 793 1710 rectius.

230 1739 286 1787 Non
298 1739 385 1787 vidisse
394 1739 471 1786 undas
481 1753 520 1786 me
531 1739 634 1787 maiores
645 1753 740 1790 censeo.

230 1817 317 1867 Salvae
326 1824 392 1880 sunt,
403 1819 424 1866 si
436 1818 490 1867 iilos
500 1817 589 1867 fluctus
599 1818 767 1868 devitaverint.

229 1898 310 1959 Nunc,
320 1914 385 1947 nuuc
395 1898 529 1962 periculum
540 1903 590 1948 este
607 1897 677 1944 eiecit
686 1896 831 1946 aiteram.-

229 1979 266 2026 At
276 1979 302 2025 in
311 1979 373 2027 vado
382 1985 434 2027 est:
451 1978 500 2026 iam
510 1977 580 2027 facile
590 1976 838 2041 enubit-Eugepae,

229 2057 330 2118 Viden’,
341 2058 443 2106 alteram
454 2058 520 2106 illam
531 2064 560 2105 ut
570 2057 658 2105 fluctus
668 2057 740 2105 eiecit
749 2056 835 2105 foras?

229 2136 352 2198 Surrexit,
361 2137 460 2185 horsum
472 2152 498 2185 sa
508 2138 619 2200 capessit
653 2134 725 2184 Salva
735 2138 787 2186 res!

228 2211 335 2260 Desiluit
344 2211 404 2260 haec
416 2219 497 2260 autem
507 2212 584 2260 altera
594 2213 620 2260 in
630 2218 720 2260 terram
731 2228 746 2262 e
756 2213 854 2277 scapha.

229 2291 265 2340 Ut
275 2306 334 2355 prae
343 2293 429 2340 timore
440 2294 465 2340 iu
476 2306 556 2356 genua
565 2292 590 2340 in
601 2291 679 2340 undas
690 2293 795 2342 concidit
802 2294 841 2340 i-

230 2370 302 2419 Salva
312 2378 362 2422 est:
380 2373 458 2420 evasit
466 2387 499 2420 ex
510 2388 581 2436 aqua.
613 2371 667 2420 Iam
678 2372 785 2422 inlitora
796 2380 841 2424 est.
1011 2347 1012 2435 i

230 2449 278 2498 Sed
288 2450 473 2500 dextrovorsum
484 2467 571 2501 avorsa
580 2453 600 2501 it
611 2453 637 2500 iu
646 2452 735 2502 malam
744 2469 850 2505 crucem.

227 2531 301 2593 Hem,
312 2531 404 2580 errabit
416 2532 575 2581 illaechodie.

259 2615 320 2662 Due.
607 2613 672 2673 Quid
684 2615 709 2663 id
718 2613 794 2664 refert
804 2614 867 2664 tna?

259 2691 295 2742 Sc.
315 2689 341 2740 Si
351 2690 383 2740 ad
393 2706 481 2740 saxum
492 2708 540 2756 quo
550 2695 664 2756 capessit,
676 2710 705 2743 ea
715 2693 829 2743 deorsum
838 2693 915 2755 cedit,

227 2767 365 2823 Erratiouis
374 2771 459 2823 iecerit
469 2772 644 2838 compendium.
