2070 3542
244 378 289 422 106
386 372 618 417 ANrHoaootA
643 374 787 418 terrm.

271 465 389 516 Forsitan
400 474 425 515 et
445 467 538 516 Priami
549 468 642 518 fuerint
653 485 716 532 quae
727 469 785 519 fata'
799 468 918 534 requiras

242 545 321 594 Urbis
331 547 369 594 uti
381 553 467 610 captae
478 563 561 595 casum
573 549 735 612 convolsaque
746 550 808 599 vidit

241 623 339 673 Limine
347 627 934 693 tectorumetmediaminpenetralibusbostem‚
992 679 995 683 .

241 705 322 752 Arma
332 704 375 753 diu
387 707 468 754 senior
479 706 581 755 desueta
592 708 753 757 trementibus
763 724 825 757 aevo

241 783 385 834 Circumdat
395 787 546 850 nequiquam
574 789 674 848 umeris,
685 795 711 836 at
721 788 808 836 inutile
819 789 913 837 ferrum

241 865 365 928 Cingitur,
377 880 406 914 ac
416 865 504 914 densos
515 865 594 915 fertur
605 869 740 916 moriturus
750 869 776 915 in
786 869 874 920 hostis.

241 943 353 993 Aedibus
365 946 391 992 in
401 946 488 994 madiis
497 947 612 1009 nudoque
621 947 668 994 sub
679 947 786 996 aetheris
798 963 845 996 axe

241 1026 334 1090 Ingens
345 1042 389 1074 ara
399 1026 448 1075 fuit
459 1027 577 1090 iuxtaque
587 1029 720 1076 veterrima
731 1028 825 1090 laurus,

241 1106 389 1160 incumbens
400 1121 457 1155 crae
469 1114 543 1170 atque
555 1107 643 1156 umbra
653 1107 773 1172 conplexa
784 1109 900 1160 Penates.

242 1187 292 1235 Hic
304 1187 405 1234 Hecuba
416 1195 441 1235 et
451 1193 524 1236 natae
535 1188 685 1251 nequiquam
696 1188 786 1237 altaria
797 1190 900 1251 circum,

242 1267 395 1331 Praecipites
406 1275 462 1316 atra
471 1283 517 1315 ocu
528 1274 673 1331 tempestate
683 1268 820 1326 columbae,

243 1346 387 1396 condensae
398 1354 424 1396 et
434 1347 514 1396 divom
525 1347 655 1411 amplexae
666 1349 798 1398 simulacra
808 1349 936 1398 sedebant.

244 1427 330 1490 Ipsum
339 1434 421 1476 eutem
433 1428 535 1490 sumptis
547 1426 673 1475 Priamum
686 1426 839 1477 iuvenalibus
850 1430 925 1478 ermis

244 1505 281 1556 Ut
291 1506 362 1564 vidit,
373 1505 444 1564 Quae
455 1521 524 1554 mens
534 1513 585 1554 tam
597 1506 661 1568 dira,
671 1507 808 1555 miserrime
819 1509 936 1568 coniunx,

244 1585 338 1650 Inpulit
347 1586 386 1634 his
397 1585 463 1650 cingi
474 1585 551 1635 telis?
569 1593 614 1634 aut
623 1601 673 1650 qno
684 1586 758 1634 ruia?
775 1587 863 1650 inquit

244 1664 302 1714 Non
315 1664 360 1714 tali
370 1665 465 1714 auxilio
475 1680 520 1713 nec
531 1665 700 1714 defensoribus
711 1667 765 1715 istis

244 1743 352 1810 'Pempus
372 1751 439 1809 eget,
472 1760 534 1803 non,
552 1746 574 1794 si
596 1746 649 1810 ipae
667 1761 737 1794 meus
756 1761 821 1794 nunc
843 1745 938 1794 adforet

342 1829 442 1874 Hector.

245 1906 303 1956 Huc
315 1906 413 1956 tandem
423 1907 528 1956 concede
537 1925 544 1972 3
562 1906 623 1955 hseo
634 1922 679 1956 ara
689 1906 799 1956 tuebitur
810 1907 899 1968 omnis,

243 1987 302 2038 Aut
308 1988 415 2036 moriere
427 1988 508 2038 simul.
544 1987 584 2036 Sic
594 2003 637 2036 ore
648 1987 722 2036 effata
733 1989 827 2051 recepit

244 2066 287 2114 Ad
300 2082 351 2114 sese
362 2072 387 2115 et
398 2082 468 2115 sacra
478 2066 624 2132 longaevum
636 2068 661 2115 in
673 2066 731 2115 sede
741 2066 837 2116 locavit.

276 2145 340 2194 Ecce
351 2152 434 2194 autem
444 2145 542 2210 elapsus
552 2145 646 2211 Pyrrhi
657 2145 688 2194 de
698 2146 772 2195 caede
783 2146 885 2210 Polites,

244 2224 317 2274 Unus
328 2233 442 2274 natorum
453 2225 557 2287 Priami,
566 2241 611 2290 per
622 2226 680 2287 tela,
690 2241 735 2290 per
744 2227 822 2275 hostis

244 2303 384 2353 Porticibus
394 2303 474 2369 longis
485 2304 559 2369 fugit,
569 2313 595 2354 et
606 2321 682 2354 vacua
692 2307 757 2354 atria
767 2306 859 2355 lustrat

245 2382 359 2434 Sauciust
376 2382 451 2432 Illum
462 2385 551 2434 ardens
562 2384 651 2434 infesto
661 2385 760 2434 volucre
771 2385 886 2450 Pyrrhus

244 2464 395 2527 Insequitur,
403 2464 452 2511 iam
460 2463 558 2528 iamque
565 2478 639 2511 manu
646 2471 715 2513 tenet
721 2471 747 2512 et
752 2465 843 2528 premit
850 2464 930 2514 hasta.

245 2544 283 2595 Ut
294 2544 393 2593 tendam
403 2551 461 2593 ante
471 2545 554 2593 oculos
566 2545 644 2593 evasit
653 2551 679 2593 et
688 2559 732 2592 ore
741 2551 883 2609 parentum,

244 2624 366 2683 Concidit,
377 2639 406 2674 ac
415 2624 492 2674 multo
501 2626 579 2674 vitam
590 2640 645 2674 cum
656 2627 775 2690 sangnine
786 2625 857 2675 fudit.

245 2708 293 2758 Hic
315 2705 440 2766 Priamus,
462 2719 612 2769 quemquam
634 2705 661 2752 in
682 2703 764 2754 media
787 2705 837 2754 iam
859 2712 940 2755 morte

323 2809 325 2814 ¹
341 2793 449 2848 tenetur,
