2110 3540
414 391 567 436 ommes.
784 405 830 455 ²³5

146 482 251 546 Quoque
261 481 314 532 loeo
324 490 361 533 eet
372 485 452 542 orbor,
463 486 583 549 turgescit
593 484 620 532 in
630 485 718 532 arbore
729 497 824 533 ramuss

178 561 244 610 Num
254 563 339 627 procul
350 579 365 613 a
375 563 469 613 Getieis
479 565 569 612 finibus
581 563 654 612 urbor
665 563 742 611 obest.

147 640 205 690 Otia
215 655 280 690 nuno
291 642 355 704 istie,
365 643 502 706 iunctisque
513 658 546 692 ex
556 641 642 692 ordino
652 641 716 690 ludis

176 719 273 770 Cedunt
283 721 380 770 verbosi
389 723 489 784 garrula
499 721 565 771 bella
574 721 629 770 fori.

144 799 225 849 Lusus
236 802 306 865 equis
316 817 382 852 nuno
392 810 438 865 est,
448 803 542 852 levibus
552 817 617 850 nuno
627 800 721 849 luditur
732 800 822 850 mmiss

177 879 249 928 Nune
259 879 319 944 pilu,
329 897 395 930 nuno
404 881 478 930 celeri
489 882 596 930 volvitur
606 880 664 929 orbe
674 878 788 930 trochus:

145 958 217 1008 Nune
226 960 269 1007 ubi
279 960 379 1024 perfusa
389 968 427 1009 est
436 960 489 1010 oleo
501 961 597 1010 lubente
608 962 729 1016 iuventus,

175 1039 289 1088 Defessos
299 1047 368 1089 artus
379 1040 485 1106 Virgine
496 1042 587 1105 tinguit
597 1055 667 1103 aqua

144 1117 222 1167 Soens
232 1121 307 1184 viget,
318 1120 453 1184 studiisque
465 1121 535 1169 favor
546 1119 692 1168 dismtibus
702 1119 781 1181 ardet,

174 1199 285 1263 Cumque
296 1200 375 1249 tribus
385 1207 501 1248 resonant
511 1207 582 1249 terna
592 1199 690 1248 theatra
703 1197 773 1247 soris.

143 1277 270 1340 Oquster‚
281 1293 296 1327 o
306 1280 418 1342 quotiens
429 1294 479 1327 non
489 1285 527 1327 est
537 1293 674 1337 numerere,
683 1277 791 1339 beatum,

173 1356 230 1406 Non
240 1358 370 1406 interdicte
380 1359 420 1406 oui
430 1357 487 1406 lieet
495 1357 564 1406 Urbe
574 1358 638 1406 fruit

140 1436 179 1485 At
189 1437 250 1485 mihi
260 1437 366 1485 sentitur
376 1438 421 1484 nix
431 1451 506 1485 verno
516 1436 567 1485 sole
579 1435 668 1497 soluta,

173 1514 291 1580 Quaeque
302 1515 357 1564 lacu
367 1515 429 1564 duro
439 1530 488 1564 non
497 1514 624 1564 fodiuntur
635 1529 729 1578 aquae:

140 1593 193 1642 Neo
201 1609 267 1643 mare
273 1595 498 1659 sonoresoitglaeie,
506 1611 549 1643 neo
555 1600 655 1657 utente,
662 1610 706 1659 per
715 1593 828 1642 Histrum

172 1673 282 1724 Stridula
293 1673 449 1724 Sauromates
460 1675 570 1740 plaustra
581 1675 701 1724 bubulcus
708 1676 770 1740 agit.

139 1753 260 1819 Incipient
270 1753 367 1819 aliquae
377 1762 459 1804 tamem
469 1755 518 1803 huc
528 1754 619 1804 adnare
630 1756 737 1817 carinae,

170 1833 325 1898 Hospitaque
335 1835 362 1882 iu
372 1833 447 1882 Ponti
457 1833 528 1883 litore
538 1834 627 1898 puppis
637 1834 693 1883 erit.

140 1909 245 1959 Sedulus
255 1925 381 1959 ooourram
392 1911 492 1971 mutae,
502 1911 615 1974 dictaque
626 1910 714 1972 solute,

170 1987 237 2048 Quid
247 1991 338 2052 veniat,
349 2004 473 2055 quaeram,
485 1992 571 2052 quisve
582 1991 700 2052 quibusve
711 1988 778 2038 locis.

138 2067 184 2117 Ille
195 2069 301 2132 quidem,
312 2070 402 2118 mirum
412 2070 439 2118 ni
448 2069 478 2118 de
489 2070 587 2134 regione
598 2069 735 2133 propinqus

170 2147 228 2196 Non
238 2149 286 2197 nisi
296 2149 387 2198 vioinss
398 2155 467 2198 tutus
477 2150 554 2198 ararit
564 2163 649 2212 eques.

137 2225 220 2276 Rarus
231 2229 263 2277 ab
273 2228 347 2278 ltalia
355 2235 453 2277 tantum
462 2243 529 2278 maru
539 2230 622 2278 navita
632 2230 731 2290 transit,

169 2305 255 2356 Litora
267 2323 338 2358 rurus
348 2309 376 2356 iu
386 2307 446 2357 hseo
455 2309 575 2372 portubus
586 2308 646 2356 orba
656 2310 732 2358 veuit.

138 2385 196 2436 Sive
207 2394 289 2436 tamen
301 2387 398 2437 Graeca
408 2389 499 2450 scierit,
511 2389 561 2437 sive
572 2387 613 2436 ille
623 2386 713 2437 huns

170 2466 239 2515 Vooe
249 2467 324 2530 loqui,
335 2476 401 2516 eeroe
411 2468 505 2531 gratior
515 2481 575 2515 usus
584 2467 638 2516 erit

136 2545 186 2594 Fas
192 2561 288 2610 quoque
295 2548 326 2596 ab
332 2562 374 2596 ore
381 2547 440 2595 freti
444 2546 580 2610 longaeque
584 2545 746 2610 Propontidos
753 2546 825 2598 undis

169 2624 226 2674 Huc
236 2626 342 2690 aliquem
352 2634 419 2676 certo
430 2626 485 2674 vela
495 2625 590 2674 dedisse
601 2631 667 2674 noto.

136 2703 255 2767 Quisquis
266 2707 287 2754 is
297 2714 344 2767 est,
355 2706 456 2754 memori
467 2718 590 2752 rumorem
599 2719 658 2752 voce
668 2703 760 2754 referre

167 2782 202 2831 lit
212 2783 265 2832 fleri
275 2785 355 2835 lamae
364 2799 470 2850 parsque
480 2783 619 2849 gradusque
629 2790 716 2847 potest
