2054 3546
350 371 539 415 circatas.
685 345 690 354 '
754 386 785 432 4⁹

130 465 243 515 Amastri
253 464 357 513 Pontica
367 472 392 513 et
403 464 494 529 Cytore
504 462 610 523 buxifer,

130 545 190 594 Tibi
200 545 260 593 haec
271 544 347 592 fuisse
357 551 383 592 et
393 559 446 592 esse
456 543 621 608 cognitissima

130 623 178 671 Ait
187 622 318 686 phaseluss
335 621 423 670 ultima
433 637 466 670 ex
476 622 570 686 origine

131 701 187 750 Tuo
198 703 294 751 stetisse
305 701 364 750 dicit
374 703 400 748 in
410 701 542 762 cacumine,

131 781 186 830 Tuo
198 781 313 830 imbuisse
323 780 442 844 palmulas
453 781 479 828 in
490 795 603 844 aequore,

132 861 165 908 Et
176 860 233 908 inde
244 866 281 908 tot
292 875 336 923 per
347 860 488 922 impotentia
498 859 562 908 freta

136 940 232 988 Herum
243 939 337 999 tulisse,
348 938 417 986 laeva
427 940 477 987 sive
486 938 588 988 dextera

133 1018 243 1066 Vocaret
253 1032 323 1077 aura,
334 1018 384 1065 sive
394 1023 518 1080 utrunque
529 1017 641 1081 Iuppiter

134 1097 212 1145 Simul
223 1096 343 1145 secundus
353 1097 476 1145 incidisset
485 1099 511 1144 in
521 1097 621 1161 pedem

133 1177 222 1240 Neque
232 1175 283 1223 nlla
294 1183 350 1224 vota
360 1175 497 1224 litoralibus
507 1174 560 1224 deis

133 1255 185 1304 Sibi
197 1269 250 1303 esse
261 1253 335 1315 facta,
346 1270 402 1302 cum
413 1256 506 1304 veniret
517 1270 532 1303 a
542 1256 619 1302 marei

133 1332 273 1382 Novissimo
283 1332 349 1380 hunc
360 1333 391 1382 ad
402 1349 479 1398 nsque
491 1333 618 1398 limpidum
628 1334 716 1382 lacum.

135 1412 183 1461 Sed
193 1412 255 1460 haec
266 1413 334 1476 prius
345 1413 428 1462 freres
444 1428 510 1461 nunc
520 1413 645 1464 recondita

135 1491 211 1542 Senet
221 1492 302 1554 quiete
314 1505 388 1556 seque
398 1492 495 1541 dedicat
505 1492 559 1554 tibi,

102 1629 104 1632 ,
136 1570 246 1621 Gemelle
257 1569 345 1620 Castor
354 1578 379 1620 ct
389 1571 491 1636 gemelle
501 1571 616 1622 Castoris.

395 1707 471 1743 mn.

359 1807 397 1860 To
409 1806 514 1860 Lesbia.

112 1922 117 1993 Q
141 1913 223 2033 ἢν
233 1930 373 1992 esame,
384 1938 444 1996 quot
454 1933 515 1981 miss
525 1933 671 1982 sanctones

145 1988 226 2091 ᾖ»
249 2011 326 2073 Tuae,
337 2011 432 2071 Lesbia,
443 2014 492 2062 sint
501 2014 560 2062 satis
571 2028 698 2078 superque.

113 2080 222 2145 »Ᾱέἐέἳὲ
249 2089 792 2157 QuammagnusnumerusLibyssaeharenac

140 2171 327 2235 Iasarpiciieris
337 2173 400 2220 iacet
410 2171 523 2237 Cyrenis,

139 2251 255 2300 Oraclum
268 2251 334 2299 loris
348 2253 410 2300 inter
421 2253 527 2300 aestuosi

139 2331 174 2380 ltt
184 2329 253 2379 Batti
265 2332 353 2379 veteris
364 2347 459 2380 sacrum
471 2332 615 2396 sepulcrum,

141 2412 195 2460 Ant
206 2426 280 2476 quam
292 2410 372 2459 sidera
382 2411 467 2473 multa,
479 2427 534 2460 oum
546 2418 610 2460 tacet
619 2427 679 2473 nox,

141 2490 258 2539 Furtiros
267 2490 394 2538 hominum
405 2490 488 2539 rident
498 2505 601 2551 amores,

140 2569 204 2618 Tam
214 2578 239 2619 te
250 2569 321 2618 basia
330 2569 409 2617 multa
417 2569 512 2618 basiare

141 2647 243 2698 Vesano
254 2651 315 2698 satis
325 2655 350 2696 et
361 2663 434 2712 snper
444 2647 540 2696 Catullo
550 2653 596 2709 est,

143 2726 213 2786 Quae
224 2743 270 2776 nec
280 2742 453 2790 pernumerare
462 2728 550 2775 curiosi

142 2805 242 2856 Possint
253 2821 300 2855 nec
310 2805 375 2854 mala
385 2805 504 2854 fascinare
514 2805 606 2868 lingua.

443 2885 460 2916 a
