2070 3542
371 373 561 419 nourrius.
780 395 820 440 ¹5¹

197 465 265 514 Pone
276 481 315 514 me
326 467 403 531 pigris
415 468 456 517 ubi
467 468 535 517 nulla
545 469 639 532 eampis

196 543 281 592 Arbor
292 547 384 594 aestiva
394 555 521 596 recreatur
531 563 601 608 aura,

196 624 268 684 Quod
279 623 345 675 latus
356 628 442 676 mundi
452 628 556 677 nebulae
567 628 694 694 maiusque

259 706 373 771 Iuppiter
386 716 474 774 urget3

195 817 263 866 Pons
273 819 320 867 sub
330 836 405 869 curru
415 821 518 869 nimium
527 823 659 886 propinqui

196 896 259 950 Solis
269 899 295 946 in
306 907 372 948 terra
383 900 495 950 domibus
506 910 597 966 uegeta
608 921 614 951 ε

195 976 273 1026 Dulce
284 979 403 1028 ridentem
413 980 522 1046 Issiagen
531 983 628 1037 amabo.

260 1059 340 1110 Dulce
351 1062 498 1126 loquentem.

429 1215 501 1253 cxlv.

394 1317 433 1372 To
446 1321 540 1388 Lydia.

143 1414 207 1441 ts.»
219 1416 237 1439 xx
246 1422 250 1441 ¹.

149 1479 155 1495 ⁴·
185 1448 250 1511 {13³³

160 1562 161 1567 κ
175 1504 219 1581 iii
232 1515 252 1589 ii

145 1576 249 1643 ³257ssss
269 1587 365 1638 cervici
375 1587 469 1636 iuvenis
479 1587 561 1648 dabat,

199 1669 332 1719 Persarum
343 1668 412 1733 rigui
423 1683 481 1732 rege
492 1667 593 1717 beatior.

168 1791 266 1839 ‘Donec
276 1805 326 1838 non
336 1789 386 1837 ulia
396 1789 474 1853 magis

197 1871 291 1918 Arsisti
302 1885 381 1932 neque
392 1876 447 1916 erat
457 1867 539 1933 Lydia
549 1875 605 1934 post
615 1866 718 1926 Chloen,

168 1949 242 2000 Multi
252 1949 333 2014 Lydia
343 1950 449 1998 nominis

199 2029 310 2078 Romans
320 2029 389 2092 vigui
399 2026 488 2077 clarior
498 2027 566 2077 nis?

168 2149 210 2198 Me
221 2145 493 2198 nune'i'hraessachioe
502 2150 569 2214 regit

199 2230 286 2280 Dulcis
295 2230 367 2280 docta
376 2231 461 2279 modos
472 2237 497 2280 et
507 2230 616 2280 citharae
627 2231 714 2293 sciens,
765 2247 768 2255 ¹

168 2310 218 2360 Pro
229 2325 279 2374 qua
288 2325 338 2359 non
348 2318 456 2359 metuam
466 2311 538 2374 mori,

201 2389 228 2439 Si
237 2399 338 2456 pmoent
349 2393 444 2440 animae
455 2391 507 2440 fata
516 2390 650 2456 superstiti.

167 2515 226 2564 ‘Me
235 2522 313 2565 torret
324 2516 377 2564 sees
387 2521 474 2565 mutua

200 2595 306 2645 Thurini
316 2596 399 2646 Calais
409 2595 474 2644 filius
485 2595 584 2661 Ornyti,

168 2676 218 2724 Pro
229 2691 277 2738 quo
288 2676 326 2724 bis
337 2676 417 2739 patiar
427 2677 498 2737 mori,

200 2754 228 2804 Si
238 2762 339 2820 paroent
348 2770 424 2820 puero
435 2755 485 2804 iata
496 2751 638 2820 superstit'u'
