2098 3546
414 391 568 434 surmus.
780 410 823 454 291

131 484 261 536 coelatum
271 499 375 550 pugnos,
386 486 465 534 saevis
476 492 501 533 et
512 485 576 533 forto
587 485 715 534 rubentem

131 566 257 615 Bellorum
266 563 367 613 mueulis
378 563 494 613 eooliuem
505 573 530 612 et
540 565 659 628 conspicit
670 565 783 630 hustsm3

131 645 265 694 infremuit
275 644 394 708 torsitque
406 658 491 707 geues,
502 651 528 692 et
538 643 619 693 fronte
632 644 718 694 relicto

132 724 268 773 Surrexere
278 737 362 773 oomuo
372 741 380 787 ς
398 738 521 786 nusqusm
530 723 647 772 mundata
657 724 774 788 parentis,

132 804 261 868 Nusquam
271 801 381 852 oooultus
392 817 471 860 amor,
483 809 583 866 totoque
596 803 623 852 in
635 811 733 868 pectore
744 804 820 852 Troia

228 890 273 931 est.

164 962 201 1012 Ut
209 962 257 1020 leo,
268 970 379 1011 materno
389 971 465 1026 quum
475 969 561 1026 ruptus
571 963 603 1011 sb
614 963 688 1012 ubere
699 979 780 1012 mores

131 1042 237 1106 Aooepit
246 1042 360 1105 poetique
371 1040 441 1089 iubes
452 1040 623 1104 hominemque
632 1042 712 1089 vereri

131 1121 247 1182 Edidioit‚
258 1120 387 1184 nullusque
398 1122 449 1169 ruit
460 1121 506 1168 nisi
519 1121 600 1169 iussus
611 1121 637 1168 in
648 1121 708 1178 ires,

132 1201 160 1250 Si
170 1200 244 1250 semel
254 1200 357 1249 adverso
367 1200 473 1249 rudievit
483 1199 576 1249 lumine
587 1201 688 1261 ferrum,

130 1281 235 1330 Eiurste
245 1280 305 1329 fides
316 1280 470 1344 domitorque
481 1280 603 1334 inimicus,
613 1281 640 1328 in
650 1279 718 1328 illum

130 1360 216 1409 Prima
226 1360 310 1418 umes,
321 1358 456 1423 timidoque
465 1359 542 1423 pudet
552 1360 655 1408 servisse
667 1360 791 1423 magistro.

163 1439 201 1489 Ut
212 1455 268 1488 vero
279 1439 380 1488 uooessit
390 1440 492 1503 propius
504 1438 597 1502 luxque
608 1437 705 1486 aemula
716 1438 812 1487 vultum

129 1519 247 1568 Reddidit
256 1526 283 1567 et
293 1518 369 1567 simili
379 1533 405 1566 se
417 1517 516 1567 tuudem
525 1517 588 1567 vidit
601 1519 627 1565 in
637 1532 706 1575 suro,

130 1599 236 1648 Horruit
245 1599 392 1662 erubuitque
403 1597 481 1648 simul.
516 1597 586 1646 'lime
597 1612 653 1646 seer
664 1595 752 1646 Ulixes

130 1678 255 1727 Admotus
263 1678 334 1726 latori
344 1677 466 1726 submissu
476 1692 547 1726 voce:
574 1679 582 1704 ‘
594 1675 660 1738 Quid
670 1677 777 1725 haeres?

131 1757 245 1818 Scimus‚'
256 1758 300 1819 sit,
311 1759 320 1784 ‘
332 1764 360 1806 tu
371 1756 477 1805 semiferi
488 1754 602 1806 Chironis
613 1755 736 1813 alumnus,

131 1837 172 1886 Tu
181 1836 242 1886 eseli
252 1837 381 1902 pelagique
391 1852 481 1902 nepos;
498 1844 522 1884 te
533 1836 624 1884 Dorice
633 1835 726 1897 elassis,

131 1918 168 1966 Te
177 1926 221 1967 tus
232 1919 355 1980 suspensis
365 1923 479 1981 expectet
489 1915 597 1966 Grueois
608 1915 693 1979 signis,

131 1997 238 2061 Ipseque
248 1997 297 2044 ium
308 1995 388 2044 dubiis
397 2002 486 2044 nutent
497 1995 543 2060 tibi
554 1993 677 2058 Pergamo
687 1995 771 2042 muris.

132 2077 188 2137 Eis,
199 2092 253 2141 ege,
265 2091 350 2139 rumpe
360 2089 456 2138 morus3
473 2075 526 2123 siue
536 2072 631 2138 perfidu
641 2071 732 2136 palleat
742 2073 795 2134 Ide,

132 2155 165 2204 Et
176 2157 243 2204 iuvet
251 2155 311 2204 heeo
322 2155 407 2203 audire
418 2162 522 2217 petrem,
532 2153 671 2218 pudeatque
681 2151 789 2201 dolosum

133 2235 174 2284 Sic
184 2251 229 2301 pro
240 2243 264 2285 te
274 2236 385 2285 timuisse
395 2233 504 2282 Thetin)
536 2233 590 2282 Ism
599 2240 684 2297 peetus
695 2233 786 2280 smiotu

131 2317 254 2379 Imxsbet
264 2332 339 2380 quum
349 2313 442 2381 grande
453 2313 521 2375 tube,
532 2314 567 2361 sio
577 2314 667 2373 iussus,
678 2311 790 2376 Agyrtes

132 2397 262 2462 Insonuit3
279 2397 379 2461 fugiunt
390 2395 500 2443 disiectis
510 2393 619 2457 undique
630 2392 709 2450 donis,

132 2478 308 2543 Inplorsntque
318 2484 414 2540 putrem
424 2481 594 2535 oommotsque
604 2470 698 2536 proelia
708 2469 819 2519 eredunt

132 2557 204 2606 Illius
214 2558 322 2606 intsotse
332 2554 440 2604 cecidere
451 2568 466 2601 s
476 2560 572 2617 pectore
583 2558 669 2600 vestes.

132 2637 187 2686 Ium
197 2637 290 2701 clipeus
299 2636 445 2697 breviorque
455 2647 530 2680 mauu
540 2632 692 2680 eonsumitur
702 2629 811 2690 husto,-

132 2716 201 2766 Mirs
211 2717 274 2764 fides
281 2713 483 2776 l-lthseumque
493 2711 603 2759 humeris
613 2710 731 2759 exoedere
742 2711 808 2758 visus

133 2797 302 2861 Aetolumque
313 2795 412 2845 dudem:
429 2800 525 2842 tuntum
537 2790 618 2840 subite
630 2805 699 2839 orme
709 2790 823 2853 oslorque
