2098 3546
226 396 272 451 27⁶
366 386 598 431 Arrnonoerr
618 387 761 430 narrar.

225 482 357 548 Mygdonii
366 481 482 546 Pyliique
493 483 565 536 senis.
577 497 622 530 nec
632 481 713 530 nobile
724 487 805 530 mutes

226 562 369 622 Servitium,
381 576 427 610 nec
438 569 463 610 tc
474 561 543 610 cultu
553 561 688 626 Tirynthia
698 561 781 609 vincat

225 643 294 692 Aula
304 641 483 705 Dicarcheique
493 643 570 700 sinus,
580 657 625 690 nec
636 643 732 705 saepius
744 643 798 690 istis

226 723 322 772 Blanda
332 723 488 787 Therapnaei
499 722 610 785 placeant
622 725 703 770 vineta
714 723 808 772 Galesi.

228 805 277 852 Hic
289 803 332 852 ubi
343 803 451 853 sidereas
461 809 559 851 exercet
570 803 664 852 Pollius
677 810 751 864 artes,

228 883 278 933 Seu
288 884 365 933 volvit
375 883 491 943 monitus,
502 897 564 946 quos
575 882 618 930 dat
629 881 773 946 Gargettius
784 887 879 944 auctor,

229 959 277 1008 Seu
288 966 397 1008 nostram
408 959 488 1022 quatit
500 957 541 1006 ille
552 958 650 1022 chelyn,
662 973 705 1006 seu
718 958 817 1006 dissona
827 957 905 1007 nectit

227 1039 353 1101 Carmina,
364 1040 416 1088 eive
426 1039 512 1086 minax
521 1037 626 1085 ultcrem
638 1039 739 1102 stringit
747 1037 860 1102 iambon3

228 1122 285 1169 Huc
296 1120 356 1168 levis
367 1135 381 1168 e
392 1119 498 1182 scopulis
509 1118 610 1166 meliora
620 1117 651 1165 ad
662 1118 771 1166 carmina
781 1117 853 1166 Siren

230 1201 349 1262 Advolat,
359 1201 407 1248 huc
418 1201 491 1248 motis
500 1199 570 1246 audit
582 1197 696 1246 Tritonia
706 1199 793 1246 cristis.

230 1283 301 1331 Tunc
313 1281 394 1346 rapidi
403 1289 499 1345 ponunt
508 1280 591 1341 flatus,
601 1282 681 1327 maria
690 1281 744 1343 ipse
755 1287 870 1328 vetantur

230 1363 386 1426 Obstrepere,
396 1367 526 1426 emergunt
536 1359 624 1424 pelago
634 1359 779 1424 doctamque
789 1358 923 1408 trahuntur

229 1444 273 1494 Ad
283 1443 373 1507 chelyn
382 1450 407 1491 et
416 1441 500 1489 blandi
509 1441 614 1505 scopulis
624 1440 751 1504 delphines
761 1440 887 1490 adarrant.

263 1523 336 1584 Vive,
346 1522 430 1570 Midae
440 1523 508 1585 gazis
518 1530 543 1569 et
553 1519 624 1585 Lydo
635 1520 710 1576 ditior
720 1536 790 1578 auro,

231 1605 320 1654 Troica
332 1610 357 1651 et
369 1602 512 1666 Euphratea
524 1617 597 1666 super
609 1601 748 1650 diademata
758 1601 827 1664 felix,

232 1683 311 1743 Quem
323 1698 372 1732 non
381 1682 492 1746 ambigui
504 1681 591 1744 fasces,
602 1697 652 1730 non
662 1681 752 1730 mobile
763 1681 860 1745 vulgus,

231 1764 289 1813 Non
299 1764 376 1829 leges,
386 1778 436 1812 non
447 1771 528 1812 castra
539 1769 632 1823 tenent,
644 1763 687 1826 qui
697 1770 795 1826 pectore
806 1778 897 1828 magno

234 1843 356 1908 Spemque
367 1851 508 1907 metumque
518 1843 612 1904 domas,
622 1844 683 1892 vitio
695 1843 822 1892 sublimior
832 1845 908 1904 omni,

232 1927 369 1990 Exemptus
381 1925 439 1974 fotis
449 1925 667 1989 indignantemque
677 1923 776 1987 repellis

231 2003 381 2066 Fortrmam3
399 2001 501 2049 dubium
512 2015 585 2064 quem
596 2016 645 2048 non
656 2001 681 2048 in
693 1999 790 2049 turbine
799 2015 882 2049 rerum
943 2039 946 2047 .

232 2078 374 2143 Deprendet
384 2092 499 2142 suprema
509 2076 569 2137 dies,
581 2076 622 2124 sed
631 2076 700 2125 abire
709 2084 823 2140 paratum

232 2158 273 2203 Ac
280 2154 380 2219 plenum
390 2155 448 2205 rita
483 2153 544 2209 Nos,
555 2153 610 2200 vilis
621 2151 702 2210 turba,
714 2153 812 2201 caducis

233 2231 364 2279 Deaervire
375 2228 445 2278 bonis
456 2242 601 2292 semperque
612 2235 698 2292 optare
708 2229 798 2291 parati,
858 2245 861 2255 ·

236 2304 380 2370 Spargimur
391 2305 417 2353 in
427 2319 507 2354 casus.
541 2301 615 2352 Celso
625 2309 653 2352 tu
663 2305 752 2352 mentis
762 2302 794 2352 ab
804 2319 861 2352 arce

234 2385 347 2451 Despicis
356 2392 477 2443 errantes,
485 2383 643 2448 humanaque
652 2383 745 2448 gaudia
755 2383 830 2432 rides.

744 2480 768 2513 v.
780 2467 893 2514 loo-tea.

491 2597 660 2714 seiae
