2110 3540
234 370 279 424 19⁶
375 361 609 406 ANrffococu
633 362 777 405 mm.

233 455 287 504 Aut
298 455 370 504 modo
379 462 430 504 tam
441 455 514 520 pleno
524 455 649 504 fluitantia
660 455 714 504 vela
724 455 830 516 theatro,

264 534 298 583 Et
308 550 352 598 per
363 541 488 584 maternas
499 536 582 583 omnic
591 541 663 600 gesto
673 535 780 583 manus?

234 613 339 675 Occidit,
349 622 375 664 ct
385 615 475 662 misero
486 622 588 662 steterat
599 615 730 678 vigesimus
741 629 833 663 annus:

190 732 192 736 .
267 692 316 742 Tot
326 694 391 744 bona
401 702 452 742 tam
463 709 539 758 parvo
550 694 638 742 clausit
650 694 675 741 in
686 693 745 742 orbe
756 694 815 742 dies.

234 772 249 821 I
259 789 333 834 nunc,
343 773 402 822 tolle
412 775 516 834 animos,
527 781 553 822 et
564 781 644 822 tecum
656 775 722 838 finge
734 772 883 837 triumphos,

268 853 413 917 stantiaque
422 855 449 902 in
459 853 570 918 plausum
582 861 634 902 tota
645 853 742 902 theatra
751 853 843 901 iuvent.

236 935 358 982 Attalicas
369 949 458 998 supera
469 941 556 990 vestes,
567 941 642 997 atque
652 934 734 982 omnia
745 935 842 998 magnis

270 1014 389 1064 Gemmea
400 1016 450 1065 sint
459 1015 536 1064 ludis:
554 1015 654 1078 ignibus
664 1015 712 1063 ista
722 1014 800 1062 dabis.

239 1095 288 1144 Sed
298 1102 380 1144 tamen
391 1095 439 1143 huc
450 1110 542 1155 omnes,
554 1094 602 1142 huc
613 1095 739 1158 primuset
747 1093 848 1142 ultimus
855 1093 929 1143 ordo:

271 1176 316 1224 Est
327 1174 399 1232 mala,
411 1175 453 1224 sed
464 1175 558 1224 cunctis
569 1175 617 1222 istc
628 1174 730 1223 terenda
740 1174 779 1222 vic
789 1181 833 1222 est

239 1255 371 1304 Exoranda
381 1256 448 1304 canis
459 1256 509 1304 tria
520 1263 577 1302 sunt
584 1255 700 1303 latrantia
710 1253 786 1317 collc3

274 1334 418 1384 scandenda
429 1341 466 1383 est
479 1336 543 1383 torvi
554 1333 653 1399 publica
663 1334 752 1398 cymba
763 1334 834 1382 senis.

241 1417 287 1465 Ille
298 1417 356 1466 licet
366 1416 432 1464 ferro
441 1423 529 1464 cautus
540 1431 567 1463 se
577 1415 666 1464 condat
675 1422 701 1464 et
710 1429 776 1471 cere,

273 1497 342 1545 Mors
353 1503 435 1545 tamen
448 1495 569 1544 inclusum
581 1495 703 1560 protrahit
713 1493 769 1543 inde
780 1500 860 1558 caput.

242 1575 320 1624 Nirea
330 1591 379 1623 non
389 1575 470 1634 facies,
481 1590 531 1623 non
539 1577 576 1624 vis
587 1577 679 1624 exemit
690 1574 821 1634 Achillem,

274 1654 392 1703 Croesum
403 1662 455 1715 aut,
466 1655 561 1703 Pactoli
572 1671 633 1719 quas
643 1656 710 1718 parit
720 1654 817 1715 humor,
828 1668 895 1718 opos.

243 1735 292 1783 llic
303 1734 361 1783 olim
372 1735 473 1799 ignaros
483 1735 564 1784 luctus
574 1735 701 1798 populavit
712 1734 831 1791 Achivos,

276 1815 382 1863 Atridae
392 1831 482 1880 magno
489 1831 546 1864 cum
557 1817 625 1864 stetit
635 1814 698 1863 alter
709 1830 784 1863 amor.

242 1896 280 1944 At
291 1895 337 1943 tibi
347 1903 431 1956 nauto,
442 1896 496 1959 pias
507 1895 633 1944 hominum
645 1897 688 1958 qui
698 1896 780 1945 traicit
801 1893 911 1954 umbras,

237 1987 238 1991 ’
275 1975 332 2023 Huc
342 1975 438 2022 animae
448 1981 530 2038 portet
540 1989 629 2039 corpus
641 1975 713 2022 inane
724 1980 789 2034 tuae,

244 2053 301 2113 Qua
311 2053 407 2103 Siculae
417 2055 495 2103 victor
505 2054 600 2104 telluris
611 2053 729 2103 Claudius
738 2061 764 2102 ct
775 2066 825 2116 qua

276 2133 368 2184 Caesar
378 2133 409 2182 ab
420 2132 528 2182 humana
538 2135 612 2184 cessit
622 2135 648 2182 in
658 2141 726 2184 astra
736 2134 783 2182 via.
