2110 3540
402 394 556 439 omme.

441 643 511 678 cmv.
537 635 538 638 ’

233 747 324 828 Elegy
340 776 372 812 on
387 761 427 812 tire
441 761 530 814 Death
544 763 581 830 of
592 763 718 819 Tibullus.

140 860 200 953 ,ῄρ
213 862 413 955 ῇΕΜΝοΝΑ
443 882 464 931 c
493 889 579 944 macr,
605 887 686 930 maer
714 879 819 944 ploravit

140 966 160 1027 ,ζ
169 958 179 1035 ζ
205 962 236 1033 fi*
324 961 456 1024 Achillem,
640 957 641 960 '

158 1036 188 1091 ‚t
207 1034 208 1039 ¹
276 1041 311 1090 Et
321 1049 426 1106 tangunt
436 1057 538 1107 magnae
549 1042 631 1090 tristia
642 1041 693 1089 fata
704 1040 771 1099 deas,

131 1119 231 1170 Flebilis
241 1121 364 1188 indignos,
372 1123 483 1187 Elegeia,
493 1122 558 1170 eolre
568 1121 676 1185 capillos.

161 1201 195 1258 A,
205 1202 278 1250 nimis
288 1217 321 1250 ex
332 1217 390 1251 vero
399 1217 465 1251 nunc
474 1201 520 1250 tibi
530 1215 618 1249 nomen
628 1199 692 1248 criti

130 1279 176 1328 1110
185 1281 222 1329 tui
232 1289 300 1330 vates
310 1283 400 1346 operia,
410 1289 455 1330 tna
466 1281 541 1341 fama,
552 1279 667 1328 Tibullus

161 1360 243 1410 Ardet
252 1362 279 1410 in
289 1368 409 1419 extructo,
418 1376 508 1425 corpus
518 1362 597 1416 inune,
607 1373 675 1422 rogo.

129 1439 201 1502 Fece,
212 1456 275 1505 puer
284 1441 391 1490 Veneris
401 1441 451 1490 fert
461 1455 619 1503 eversamque
630 1439 778 1504 pharetram,

161 1519 195 1568 Et
205 1519 296 1570 fractor
306 1536 378 1570 arcua
388 1527 413 1568 et
423 1522 476 1569 aine
486 1520 540 1569 luce
550 1517 637 1568 facem.

131 1597 229 1662 Aspice,
240 1600 352 1650 demissis
362 1609 391 1648 ut
400 1608 441 1649 eat
450 1599 596 1650 miserabilia
602 1601 661 1662 aiis,

162 1677 314 1744 Pectoraque
324 1680 413 1729 infesta
423 1680 511 1729 tundat
521 1681 607 1745 aperta
616 1695 698 1730 menu.

129 1756 266 1820 Excipiunt
275 1757 388 1806 lacrimas
399 1758 479 1821 sparei
488 1774 532 1822 per
541 1758 604 1807 colla
614 1758 705 1822 capilii.

161 1835 261 1900 Oraque
271 1837 381 1902 singultu
391 1839 544 1886 concutiente
554 1847 649 1887 sonant.

128 1915 225 1965 Fratris
235 1918 261 1966 in
271 1917 372 1966 Aeneae
383 1919 417 1966 uic
427 1917 496 1966 ilium
506 1918 592 1966 funera
602 1919 686 1967 dicunt

161 1996 293 2061 Egressum
304 1998 384 2058 tectis,
394 1996 496 2061 pulcher
505 1997 569 2058 Iule,
578 1998 635 2046 tuia

127 2075 154 2123 N
154 2091 182 2124 ec
191 2077 272 2125 minna
282 2082 321 2125 est
330 2076 431 2125 conium
442 2077 529 2125 Venus
538 2077 657 2125 moriente
666 2075 774 2137 Tibuilo,

161 2155 243 2216 Quam
252 2157 334 2204 iuveni
344 2157 412 2220 rupit
422 2172 478 2206 cum
487 2157 554 2206 ferna
565 2157 655 2222 inguen
665 2171 732 2220 aper.

127 2236 167 2284 At
177 2236 242 2284 sacri
252 2243 320 2284 vates
330 2242 356 2284 et
366 2235 450 2284 divum
460 2251 520 2285 cura
529 2237 656 2285 vocamur!

161 2314 226 2364 Sunt
235 2316 319 2372 etiam,
329 2317 372 2379 qui
381 2331 426 2364 nce
435 2331 526 2364 numen
536 2315 627 2365 habero
636 2317 736 2381 putent!

127 2393 227 2444 Scilicet
236 2410 308 2444 omne
318 2411 415 2445 sacrum
425 2411 491 2444 mors
500 2396 632 2460 inportuna
641 2396 764 2461 profanat.

161 2474 281 2524 Omnibus
291 2476 408 2525 obscurae
419 2475 488 2525 inicit
498 2475 540 2524 illu
550 2491 678 2524 manue.-

125 2553 285 2604 Carminibua
295 2555 389 2605 confide
399 2557 476 2606 bonis.
509 2556 585 2613 Iacet,
596 2571 660 2616 acce,
672 2553 799 2603 Tibullus:

160 2634 215 2682 Vix
225 2643 308 2684 manet
318 2651 332 2684 e
343 2643 395 2685 toto
404 2651 481 2700 parva
491 2635 557 2699 quod
566 2650 629 2683 urna
638 2635 713 2697 capit.

125 2713 207 2772 Tene,
217 2729 286 2764 sacer
296 2723 372 2777 vates,
383 2715 494 2764 flammae
503 2729 607 2778 rapuero
618 2713 722 2779 rogales,

161 2794 305 2844 Pectoribus
316 2796 384 2860 pauci
394 2811 440 2844 nec
449 2794 552 2844 timuere
562 2794 633 2846 tuis?
