2098 3546
389 362 546 406 uronice.
774 372 820 425 275

133 455 158 505 Si
169 455 229 520 quid
238 454 336 519 Apellei
346 456 453 520 gaudent
464 457 585 504 animasse
595 452 697 515 colores,

133 534 158 584 Si
169 533 229 598 quid
239 534 319 584 adbuc
328 550 412 597 vacua,
423 543 505 585 tamen
515 533 667 590 admirabile,
677 532 738 582 Pisa

131 613 262 662 Phidiacae
273 628 355 662 rasere
365 629 462 675 manus,
473 613 538 677 quod
549 613 581 662 ab
591 619 645 664 arte
656 611 779 677 Myronis,

131 692 185 738 Aut
195 687 336 756 Polycleteo
346 689 439 737 iussum
450 697 488 739 cst
499 689 564 752 quod
574 690 656 737 vivere
667 687 741 738 caelo.

131 768 248 832 Aeraque
259 769 290 818 ab
301 769 441 818 Isthmiacis
452 784 513 818 auro
524 770 621 834 potiora
631 767 730 824 favillis,

132 847 182 896 Ora
192 847 282 897 ducum
290 855 317 898 et
324 856 408 897 vatum
419 851 606 913 sapientumque
618 863 662 896 ora
671 848 790 911 priorum,

133 926 201 986 Quos
213 928 259 978 tibi
269 943 329 977 cura
339 929 418 991 sequi,
430 944 492 994 quos
502 935 554 978 toto
564 935 660 992 pectore
671 927 756 989 sentis,

131 1006 227 1070 Expers
237 1022 354 1056 curarum
366 1016 440 1072 atque
451 1009 560 1057 animum
570 1009 661 1056 virtute
672 1008 756 1070 quieta

100 1091 109 1106 '
133 1087 287 1152 compositus
299 1103 443 1154 semperque
454 1096 519 1137 tuus.
547 1087 614 1147 Quid
624 1087 690 1138 mille
701 1087 822 1138 revolvam

132 1169 245 1218 Culmina
254 1168 396 1233 visendique
407 1169 493 1217 vices?
520 1166 571 1216 Sua
581 1170 669 1232 cuique
680 1167 800 1232 voluptas,

132 1248 219 1312 Atque
236 1249 302 1296 omni
319 1248 447 1312 proprium
466 1247 574 1296 thelame
591 1261 668 1310 mare,
688 1257 804 1310 utusque

226 1329 346 1379 iacentem

132 1407 215 1456 Nerea
225 1408 328 1457 diversis
339 1408 415 1456 servit
426 1423 471 1457 sua
481 1413 549 1456 terra
559 1407 679 1458 fenestris.

131 1488 200 1536 Haec
210 1488 276 1538 videt
286 1489 417 1545 Inarimen,
429 1488 466 1538 illi
476 1487 603 1552 Prochyta
613 1504 701 1552 aspera
711 1496 795 1553 paret:

133 1567 250 1632 Armiger
261 1568 307 1616 hac
318 1567 402 1632 magni
413 1575 482 1632 patet
493 1567 616 1630 Hectoris,
624 1569 680 1616 inde
691 1569 826 1634 malignum

137 1646 206 1694 Adra
215 1648 322 1710 respirat
334 1645 423 1711 pelago
433 1647 577 1696 circumflua
588 1647 669 1704 Nesis,

132 1725 195 1774 Inde
206 1726 275 1790 vagis
287 1742 359 1775 omen
369 1725 430 1774 felix
441 1727 544 1776 Euboea
555 1728 653 1786 carinis,

135 1806 253 1869 Quaeque
264 1805 323 1855 ferit
332 1822 421 1856 curvos
431 1815 532 1856 exserta
542 1807 652 1870 Megalia
661 1807 757 1858 fluctus.

134 1885 247 1951 Angitur
257 1892 283 1934 et
293 1886 392 1935 domino
403 1895 490 1936 contra
500 1887 632 1936 recubante
642 1887 775 1951 proculque

134 1964 281 2014 Surrentina
291 1973 350 2016 tuus
360 1974 455 2030 spectat
465 1967 590 2030 praetoria
599 1965 695 2016 Limon.

677 2062 700 2094 v.
712 2050 793 2096 5282.

230 2145 244 2172 0
340 2145 355 2174 1
452 2147 467 2175 Q
564 2145 578 2176 C
676 2145 691 2174 1

166 2205 245 2271 Saepe
256 2222 301 2273 per
312 2216 458 2258 autumnum
469 2209 518 2258 iarn
530 2208 677 2273 pubescente
687 2207 771 2272 Lyaeo

134 2285 284 2336 Conscendit
294 2287 408 2352 scopulos
418 2289 547 2352 noctisque
557 2288 653 2338 occulta
664 2288 710 2337 sub
721 2287 808 2338 umbra

132 2365 241 2420 Palmite
251 2375 348 2416 maturo
358 2369 468 2416 rorantia
479 2367 573 2417 lumina
583 2370 655 2420 tereit

131 2446 222 2496 Nereis
233 2455 259 2496 et
269 2446 348 2496 dulcis
360 2449 443 2511 rapuit
456 2447 486 2495 de
498 2448 602 2497 collibus
613 2463 685 2498 uvas.

135 2527 216 2592 Saepe
226 2535 252 2577 et
264 2529 343 2576 vicino
355 2543 440 2592 sparsa
453 2535 491 2577 est
501 2528 624 2577 vindemia
633 2528 719 2588 fluctu,

133 2607 169 2655 Et
180 2606 266 2672 Satyri
276 2606 385 2655 cecidere
396 2607 474 2670 vadis,
485 2607 623 2670 nudamque
633 2623 678 2671 per
688 2606 768 2656 undas

135 2683 233 2735 Dorida
243 2687 352 2736 montani
363 2688 493 2753 cupierunt
503 2687 622 2752 prendere
633 2687 721 2736 Panes.

170 2764 210 2815 Sis
220 2765 291 2828 felix,
303 2765 385 2829 tellus,
396 2766 501 2816 dominis
512 2766 630 2816 ambobus
641 2769 665 2816 in
678 2783 753 2816 annos
