2098 3546
394 382 550 426 armus.
774 388 817 435 281

126 474 224 526 Accclia
236 473 408 540 alternumque
419 491 491 524 acuas
501 483 528 524 et
537 475 648 525 carmina
657 474 762 528 misces:

125 555 165 604 Da
174 570 256 604 vocem
266 571 366 620 magno,
376 563 455 621 pater,
467 557 642 622 ingeniumque
652 556 771 606 dolori.-

156 633 228 685 Felix
238 633 279 682 ille
288 642 384 698 patrem
395 635 478 684 vacuis
488 635 649 685 circumdedit
657 635 732 698 ulnis,

125 713 209 763 Vellet
219 721 245 764 et
255 713 342 778 Elysia
352 717 466 778 quamvis
476 716 503 764 in
514 715 570 764 sede
581 715 687 767 locatum

125 793 247 857 Abripere
257 801 282 843 ct
293 791 394 842 Danaas
404 795 496 847 iterum
506 803 606 859 portare
616 811 662 860 per
671 795 772 846 umbras
781 813 790 862 3

125 872 295 938 Temptautem
306 880 332 922 at
340 875 410 923 vivos
420 874 533 923 molitum
544 876 570 924 in
578 874 685 924 Tartara
694 891 794 940 maus

125 953 221 1002 Detulit
229 953 341 1004 infernae
351 961 420 1002 vates
429 954 550 1020 longaeva
560 955 664 1004 Dianae.

126 1031 153 1081 si
163 1032 253 1097 chelyn
264 1033 397 1098 Odrysiam
407 1034 480 1099 pigro
490 1036 630 1084 transmisit
639 1034 741 1086 Averno

124 1111 207 1161 Causa
216 1113 304 1170 minor,
315 1113 337 1161 ei
348 1111 498 1162 Thessalicis
508 1113 632 1162 Admetus
642 1114 668 1162 in
679 1115 740 1172 orie,

125 1190 152 1239 Si
162 1193 252 1240 coniux
260 1200 327 1241 retro
338 1181 490 1257 Phylaceida
500 1193 598 1242 rettulit
607 1194 730 1252 umbram,

124 1270 177 1320 Cur
187 1270 249 1320 nibil
258 1279 353 1332 exoret,
363 1273 467 1336 genitor,
478 1272 564 1336 chelys
574 1280 618 1322 aut
629 1279 672 1321 tua
684 1289 779 1336 manes,

125 1345 179 1394 Aut
189 1346 264 1396 meai
296 1347 347 1396 Fas
357 1347 418 1396 mihi
429 1349 463 1396 eit
473 1349 567 1411 patrios
576 1350 717 1414 contingere
728 1349 818 1413 vultue,

125 1425 174 1474 Fas
185 1427 298 1476 iunxisse
308 1442 404 1488 manue,
415 1435 440 1476 et
450 1427 492 1476 lex
502 1443 670 1493 quaecumque
681 1438 806 1494 sequatur.

155 1506 194 1554 At
203 1521 254 1568 vos,
263 1506 408 1556 umbrarum
418 1522 490 1572 reges
501 1515 649 1572 aeterneque
659 1510 755 1560 Iunc-

126 1583 152 1633 Si
162 1584 285 1635 laudande
295 1587 498 1650 precor-laedes
509 1588 603 1638 auferte
612 1605 743 1656 comasque

125 1665 306 1716 Eumenidum:
323 1666 392 1715 nullo
403 1674 473 1716 senet
481 1683 553 1732 asper
563 1669 653 1718 ianitor
664 1671 719 1718 orel

123 1743 309 1810 Centaurosque
325 1746 476 1811 Hydraeque
487 1764 576 1814 greges
594 1748 753 1815 Scyllaeaque

219 1834 331 1876 monstra

124 1905 238 1954 Avernae
248 1906 327 1956 celent
337 1906 422 1970 valles,
432 1909 594 1972 umbramque
605 1910 705 1959 senilem

122 1984 216 2035 Invitet
226 1987 298 2051 ripis,
308 1986 420 2036 discussa
429 1988 509 2053 plebe,
520 1991 642 2054 supremis

122 2063 226 2127 Venter,
234 2073 260 2116 et
269 2067 296 2114 iu
305 2066 386 2116 media
396 2076 526 2131 componat
536 2069 643 2119 molliter
654 2068 716 2133 alga

515 2163 541 2199 v.
554 2154 635 2200 leae.
669 2155 773 2200 aneae

428 2284 506 2323 OXGV·

312 2373 465 2430 Thebaidos.
506 2375 566 2431 Lib.
581 2376 618 2434 iii.

223 2485 404 2557 Amphiaraus
418 2489 507 2560 taking
517 2491 558 2544 tlte
571 2489 708 2561 Auspices.

124 2642 128 2653 .
144 2622 149 2645 κ
165 2578 238 2666 sl)
245 2598 292 2651 Uc
312 2599 411 2649 adverte
422 2601 546 2663 animum3
569 2600 637 2648 clara
650 2599 750 2664 regione
760 2613 814 2663 pro·

165 2658 237 2763 ,ἦν
327 2673 397 2722 sunu

176 2716 193 2735 '1

166 2742 189 2751 ⁴—

137 2756 148 2784 :
188 2760 210 2802 ιὰ
221 2764 236 2789 κ
261 2752 386 2803 Aetherea
411 2752 534 2801 innumeri
555 2756 695 2800 statuerunt
716 2750 813 2816 agmine

186 2847 271 2898 ⁰lg¹¹¹r
