2054 3546
357 382 563 425 ruiramus.
782 398 811 444 ¹9

106 475 193 539 Negat
209 475 281 538 quis:
306 489 382 539 nego;
406 477 441 524 ait
450 495 456 525 ι
479 476 532 540 ai03
555 481 678 538 postremo
702 473 811 540 inperari

208 560 307 618 egomet
317 555 378 603 mihi

108 633 341 684 Omniaadeeutari.
374 632 809 697 Isquaestusnunoestmultouber·

209 715 321 762 rumus.”

143 797 189 842 Po.
208 791 303 842 Scitum
314 791 396 840 hercle
408 791 474 841 homi
481 809 553 842 nem:
570 793 610 842 hio
621 793 731 842 homines
741 809 809 858 pror·

165 923 173 946 Ι
209 888 264 922 sum
277 887 307 920 ex
320 871 401 921 stultis
413 873 514 922 insanos
524 873 591 922 faoit.
829 923 833 930 ,

148 955 192 1002 Ga
203 952 272 1000 Dum
279 951 577 1016 heeoloquimur‚iuterea
587 953 807 1006 looiedmaoelluur

209 1033 253 1080 ubi
264 1032 433 1094 adventamus,

111 1112 271 1162 Concurrunt
281 1112 340 1160 laeti
351 1113 386 1160 mi
397 1112 493 1160 obviem
503 1112 674 1176 cuppedinarii
684 1130 781 1170 omnes:

111 1193 215 1253 cetarii,
225 1192 295 1250 lanii,
307 1192 388 1256 coqui,
399 1191 513 1254 fartores,
524 1194 667 1257 piscatores,

111 1269 210 1330 Quibus
221 1279 247 1319 et
257 1286 285 1318 re
295 1270 364 1319 salva
374 1277 400 1318 et
409 1272 506 1336 perdita
521 1272 661 1335 profueram
674 1281 699 1322 et
710 1289 808 1337 prosum

209 1366 296 1414 saepe:

113 1429 236 1488 salutant,
247 1431 277 1478 ad
288 1445 373 1480 uenam
383 1437 483 1492 rooant,
494 1431 626 1481 adventum
635 1434 801 1497 gratulantur.

111 1510 159 1558 Ille
171 1510 213 1558 ubi
224 1511 299 1559 miser
308 1510 435 1559 famelicus
443 1511 557 1560 ridetme
565 1527 618 1561 esse
627 1520 695 1563 tanto
708 1514 808 1576 honore,

112 1589 175 1638 Tam
188 1589 261 1639 facila
277 1592 368 1639 vietum
385 1605 517 1653 quaererer
534 1592 569 1640 ibi
584 1591 657 1642 homo
672 1594 753 1658 eoepit
768 1610 808 1643 me

208 1669 346 1731 obsecrare,

111 1749 150 1798 Ut
160 1750 208 1798 eibi
217 1750 305 1799 liceret
315 1749 409 1800 discere
419 1752 445 1799 id
456 1749 486 1799 de
496 1766 551 1801 mer
569 1752 657 1800 sertui
668 1752 738 1815 iussi,

112 1828 140 1878 Si
150 1830 216 1893 potis
227 1837 275 1891 est,
286 1836 411 1893 tamquam
422 1830 624 1895 philosophorum
635 1831 727 1882 habent
736 1833 805 1884 disci·

208 1909 406 1974 plinaeexipeis
654 1933 657 1942 ‚

111 1989 253 2051 vocabule,
264 1990 370 2054 parasiti
380 1991 416 2039 ita
426 1997 454 2040 ut
464 1991 613 2042 Gnathonici
627 1997 753 2044 rooentuit

376 2310 578 2526 &iffi
