2110 3540
227 401 272 434 202
371 383 602 429 ANTHotoern
629 385 773 429 terrm.

258 476 311 527 Nec
320 493 398 535 mora,
412 477 508 527 vocales
513 486 616 542 occupat
625 494 683 526 cnse
693 493 774 526 canes.

227 558 316 606 Omnia
326 557 477 622 praebebant
487 573 598 609 somnos:
615 558 658 606 aed
666 558 780 624 Iuppiter
789 573 854 608 unus

258 635 376 684 Decrevit
385 635 470 698 poenis
480 634 608 697 invigilare
618 635 677 684 tuis.

226 713 373 763 Prodiderat
382 722 516 778 portaeque
526 715 599 763 tidem
610 715 765 779 patriamque
775 715 903 774 iacentem,

260 793 423 856 Nubendique
432 795 503 857 petit,
514 809 587 857 quem
597 792 657 842 velit
667 795 725 858 ipse,
739 793 811 842 diem.

227 872 264 922 At
280 873 478 936 Tatius-neque
496 875 562 922 enim
582 873 668 922 sceleri
690 872 758 921 dedit
777 872 855 922 hostis

323 953 473 1002 honorem-

259 1031 364 1094 ‘Nube‚'
376 1035 419 1090 ait,
431 1035 472 1081 ‘at
482 1033 553 1098 regni
565 1033 654 1082 scande
664 1032 745 1081 cubile
755 1032 823 1082 mei!

228 1111 308 1170 Dixit,
319 1121 344 1161 et
354 1113 456 1176 ingestis
465 1114 582 1161 comitum
587 1112 749 1177 superobruit
759 1111 844 1161 armis.

260 1192 338 1248 Haec,
350 1193 429 1256 virgo,
439 1191 525 1241 officiis
534 1191 579 1240 dos
589 1198 644 1240 erat
654 1198 713 1255 apta
723 1191 780 1239 tuis.

227 1273 253 1320 A
265 1272 326 1321 duce
337 1271 443 1336 Tarpeio
454 1288 524 1321 mons
534 1280 572 1320 est
581 1286 716 1336 cognomen
726 1270 845 1334 adeptus:

260 1353 282 1402 0
293 1350 362 1416 vigil,
374 1351 478 1401 minutae
488 1352 598 1415 praemia
609 1353 682 1400 sortis
692 1350 776 1400 habes.

778 1433 843 1492 Eleo.
855 1428 888 1476 iv.

527 1569 636 1604 exirm.

416 1659 471 1710 Tne
486 1657 576 1710 Bottle
591 1658 626 1726 ⁰s
635 1655 749 1707 Actium.

250 1755 352 1883 ζίᾥῖὀ
365 1778 612 1844 ACRAiacitvates3
625 1779 925 1836 sintornfaventiasaerin

243 1862 260 1891 χ
314 1855 355 1880 “n

244 1876 356 1985 qen
364 1861 448 1984 nd
454 1860 926 2003 {ildittfflttltt

264 2021 299 2069 Iit
309 2020 451 2086 Cyrenaeas
462 2035 525 2068 urna
534 2021 659 2069 ministret
669 2036 754 2085 aquas.

234 2100 337 2150 (loetum
348 2101 421 2149 molle
432 2100 488 2150 date
498 2108 524 2148 et
532 2099 616 2149 blandi
626 2101 687 2148 mihi
697 2102 762 2150 turis
772 2101 885 2157 honores,

266 2178 364 2242 Terque
375 2178 456 2226 focum
466 2179 531 2226 circa
541 2177 626 2226 laneus
636 2179 704 2227 orbis
714 2186 761 2228 eat.

235 2258 349 2322 Spargite
359 2273 399 2306 me
408 2256 526 2320 lymphis,
538 2273 686 2321 carmenque
697 2258 835 2306 recentibus
844 2258 894 2307 aris

267 2338 340 2386 Tibia
350 2337 493 2402 Mygdoniis
504 2337 564 2386 libet
574 2338 669 2386 eburna
678 2337 752 2386 cadis.

235 2421 274 2468 Ite
283 2417 367 2482 procul
378 2418 491 2466 fraudes!
512 2419 561 2467 elio
572 2420 623 2468 sint
633 2433 689 2467 eere
701 2433 795 2467 noxae:

267 2495 335 2544 Pura
345 2509 434 2542 novum
444 2495 495 2543 vati
505 2494 591 2543 laurea
600 2495 680 2544 mollit
689 2495 745 2543 iter.

236 2577 318 2638 Musa,
329 2575 438 2624 Palatini
446 2575 580 2624 referemus
591 2574 716 2638 Apollinis
727 2573 825 2624 aedem:

268 2657 319 2706 Res
328 2664 374 2718 est,
385 2655 502 2720 Calliope,
513 2655 588 2720 digna
597 2655 681 2703 favore
692 2662 742 2704 tue.

236 2737 348 2787 Caesaris
358 2739 384 2785 in
395 2752 482 2785 nomen
491 2736 613 2784 ducuntur
624 2736 747 2786 carmina:
764 2733 856 2784 Caesar

268 2817 335 2866 Dum
345 2819 451 2879 canitur,
461 2832 560 2882 quaeso,
570 2816 684 2880 Iuppiter
694 2817 746 2880 ipse
756 2829 835 2864 vaces.
