2098 3546
213 363 259 417 264
354 351 586 398 uurnouoou
611 353 754 396 norrun.

215 449 269 498 Iam
282 455 365 513 posset
375 448 445 497 civile
457 448 518 512 geri.
552 445 683 496 Pharsalia
693 449 755 496 tenti

211 528 306 577 Caussa
316 528 381 576 maii.
414 526 510 577 Cedant
518 527 607 576 ierulia
616 529 715 576 uomina
723 526 833 586 Cannae,

214 609 247 656 Fa
258 609 374 656 damnata
383 607 426 655 diu
437 607 555 656 Romanis
565 607 634 656 Allia
644 607 722 656 fastis.

214 688 338 752 Tempora
348 688 454 751 signarit
463 686 582 736 leviorum
595 687 675 736 Roma
683 685 803 735 maiorum
816 704 822 734 z

211 768 285 817 Hunc
295 767 372 816 voluit
382 768 476 816 nescire
486 767 558 817 diem.
590 765 641 816 Pro
650 768 732 816 tristis
741 766 808 816 fata!

210 850 282 898 Aera
293 847 435 911 pestiferum
446 855 535 906 tractu,
546 847 693 912 morbosque
704 845 816 902 fluentes,

213 930 379 991 Insanamque
390 928 488 990 tamem,
499 929 680 992 permissasque
690 926 789 991 ignibus
799 925 882 982 urbes.

212 1004 361 1068 Moeniaque
373 1006 399 1054 in
409 1019 525 1070 praeceps
534 1003 628 1053 laturos
638 1003 712 1068 piena
721 1009 840 1051 tremores

211 1084 247 1134 Hi
257 1092 358 1150 possent
367 1085 467 1150 explere
477 1085 533 1143 riri,
543 1099 605 1149 quos
614 1083 722 1148 undique
731 1083 809 1132 traxit

210 1165 241 1214 In
250 1166 365 1214 miseram
376 1165 487 1214 Fortuna
496 1180 590 1222 necem,
600 1165 659 1212 dum
669 1179 772 1212 munera
781 1163 849 1228 longi

210 1244 325 1310 Explicat
335 1246 442 1311 eripiens
449 1247 510 1304 aeri,
518 1244 669 1310 populosque
680 1243 801 1306 ducesque

211 1323 347 1374 Constituit
358 1327 451 1390 campis
461 1343 468 1374 e
483 1340 528 1390 per
538 1339 601 1389 quos
611 1323 667 1386 tibi,
677 1323 764 1380 Roma,
775 1322 856 1372 ruenti

213 1403 341 1462 Ostendat,
353 1420 428 1467 quam
437 1420 527 1469 magna
537 1403 617 1452 cadas
650 1401 706 1463 Quo
715 1401 790 1452 latius
800 1401 886 1451 orbem

211 1484 331 1541 Possedit,
343 1485 417 1533 citius
426 1499 471 1549 per
482 1497 600 1548 prospera
608 1482 662 1532 iata
671 1482 787 1531 cucurrit.

211 1563 291 1614 Omne
301 1564 348 1612 tibi
357 1563 448 1612 bellum
460 1571 546 1628 gentes
556 1563 624 1612 dedit
633 1562 746 1612 omnibus
756 1563 837 1610 annis:

210 1643 248 1692 Te
257 1645 383 1712 geminum¹
394 1643 469 1692 Titan
479 1643 610 1708 procedere
621 1642 683 1690 vidit
694 1644 720 1691 in
730 1657 808 1691 axem.

212 1723 287 1773 Haud
300 1725 405 1773 multum
415 1732 496 1774 terrae
507 1724 613 1788 spatium
623 1723 732 1772 restabat
743 1723 818 1784 ane,
1036 1737 1037 1744 ¹

210 1802 248 1852 Ut
257 1803 303 1852 tibi
313 1819 372 1866 nox,
381 1803 426 1853 tibi
436 1810 490 1852 tota
499 1803 559 1864 dies,
571 1803 618 1851 tibi
627 1809 738 1852 curreret
747 1802 841 1860 aether.

209 1882 347 1947 Omniaque
357 1890 468 1932 errantes
478 1883 564 1934 stellae
574 1883 686 1932 Romana
694 1882 811 1931 viderent

213 1962 261 2012 Sed
271 1970 339 2013 retro
349 1971 393 2013 tua
403 1963 456 2014 fata
466 1963 531 2026 tulit,
539 1979 585 2028 par
596 1964 709 2013 omnibus
719 1964 790 2013 annis

209 2034 342 2092 Emathiae
351 2043 450 2093 funesta
459 2044 518 2093 dies.
556 2043 611 2092 Hac
621 2044 675 2093 luce
685 2050 788 2093 cruenta

209 2123 340 2182 Effectum,
352 2131 380 2173 ut
390 2123 475 2173 Latios
487 2139 536 2173 non
545 2123 645 2173 horreat
655 2124 727 2173 India
736 2124 822 2182 fasces,

211 2203 265 2252 Nec
275 2205 365 2254 vetitos
374 2219 457 2253 errare
468 2203 553 2253 Dahas
564 2205 589 2253 in
597 2205 694 2254 moenia
703 2205 786 2262 ducat,

212 2283 424 2348 Sarmaticumque
435 2291 532 2348 premat
542 2286 679 2334 succinctus
688 2284 773 2335 consul
782 2290 901 2334 aratrum.

209 2363 282 2425 Quod
293 2379 389 2428 semper
400 2379 484 2414 saevas
494 2364 567 2414 debet
576 2365 622 2415 tibi
633 2364 737 2414 Parthia
746 2380 846 2430 poenas,

208 2444 281 2504 Quod
290 2444 387 2509 fugiens
397 2443 467 2492 civile
477 2445 555 2506 nefas,
566 2445 723 2509 redituraque
733 2459 868 2508 numquam

209 2524 333 2587 Libertas,
345 2524 411 2573 ultre
423 2523 519 2589 Tigrim
530 2523 694 2589 Rhenumque
704 2527 845 2574 recessit-

208 2607 267 2655 Ah!
284 2609 357 2656 toties
367 2607 438 2656 uobis
448 2607 533 2671 iugulo
544 2607 665 2671 quaesita,
676 2614 790 2669 vagatur,

207 2686 359 2737 Germanum
371 2685 561 2751 Scythicumque
568 2687 717 2750 bonum,ncc
724 2688 826 2752 respicit
836 2686 903 2738 ultra

206 2766 345 2815 Ausoniam
355 2784 361 2816 ε
377 2766 472 2826 vellem,
483 2767 579 2832 populis
590 2767 715 2832 incognita
723 2767 822 2829 nostris,
