2070 3542
364 381 564 427 Vune1r1us.
760 400 801 447 137

113 467 207 518 Haeret
218 469 288 518 hiens
309 471 358 520 iem
369 473 465 537 iamque
476 482 544 525 tenet
564 475 699 540 similisque
709 479 802 532 tenenti

111 549 239 614 Increpuit
249 551 319 600 mulis
338 569 470 620 morsuque
481 557 563 606 elusus
574 558 642 605 inani
651 564 697 606 est.

462 651 484 686 v.
499 639 616 702 eor-7093
636 653 657 687 v.
673 639 784 688 tro-tos.

430 830 485 866 0111.

217 941 219 946 ¹
292 949 350 1003 Tio
363 949 450 1003 Deciis
464 949 499 1018 os
511 947 622 1000 Turnus.

122 1050 158 1137 'qu
174 1070 190 1111 ,ν’
241 1063 285 1112 ΕΟ
295 1064 367 1128 plura
377 1065 464 1114 effetus
484 1081 571 1112 saxum
582 1066 746 1130 circumspicit

149 1142 230 1215 'p
321 1145 416 1208 ingens,

126 1216 141 1263 '-
153 1196 234 1273 &Q
258 1221 351 1270 Saxum
361 1225 478 1287 anticum,
509 1224 594 1288 ingens
605 1237 689 1286 cumpo
698 1221 764 1286 quod

205 1303 269 1352 forto
279 1303 382 1358 iacebat,

114 1382 195 1432 Limes
206 1399 267 1449 agro
277 1385 382 1448 positus,
392 1383 460 1432 litem
471 1389 500 1431 ut
510 1383 656 1430 discerneret
666 1383 739 1432 ervis.

111 1462 164 1511 Vix
171 1462 233 1510 illud
244 1461 301 1510 lecti
312 1462 349 1510 bis
361 1477 406 1510 sex
416 1463 508 1510 cervice
520 1462 639 1523 subirent,

112 1542 200 1602 Qualia
211 1558 277 1591 nunc
287 1543 415 1591 hominum
425 1543 538 1606 producit
548 1557 652 1606 corpora
661 1543 734 1591 tellus
743 1563 750 1607 3

111 1623 155 1671 Ille
166 1637 243 1670 manu
254 1628 354 1686 raptum
364 1622 460 1686 trepida
471 1623 603 1686 torquebat
612 1623 638 1670 in
649 1622 753 1684 hostem,

111 1702 196 1751 Altior
207 1702 338 1765 insurgens
349 1708 375 1749 et
385 1717 458 1750 cursu
469 1703 578 1751 concitus
589 1701 669 1750 heros.

114 1779 161 1828 Sed
172 1795 253 1842 neque
264 1787 403 1827 currentem
414 1795 440 1828 se
451 1795 494 1827 nec
504 1781 628 1844 cognoscit
638 1786 745 1839 euntem,

110 1859 277 1908 Tollentemve
290 1874 365 1906 manu
377 1873 512 1922 sexumque
523 1860 620 1906 inmune
631 1867 783 1908 moventem:

112 1938 202 1989 Genus
212 1939 306 2000 lebant,
317 1938 414 2002 gelidus
425 1941 548 1986 concrevit
559 1939 652 2003 frigore
663 1939 770 2002 sanguis.

111 2017 174 2066 Tum
185 2019 249 2083 lepis
261 2019 313 2082 ipse
325 2019 380 2075 viri,
390 2033 494 2066 vacuum
505 2034 549 2082 per
560 2019 631 2066 inune
642 2018 747 2079 volutus,

110 2095 161 2146 Nec
172 2098 281 2161 spatium
291 2098 368 2145 evasit
379 2104 457 2145 totum
477 2112 556 2159 neque
568 2096 670 2160 pertulit
680 2097 763 2146 ictum.

109 2177 149 2224 Ac
158 2178 227 2225 velut
238 2177 265 2224 in
276 2177 377 2238 somnis,
388 2177 470 2225 oculos
481 2177 525 2225 ubi
535 2177 652 2241 languide
662 2179 751 2242 pressit

110 2255 187 2304 Nocte
199 2255 278 2319 quies,
289 2257 439 2320 nequiquam
450 2256 533 2304 avidos
544 2257 676 2305 extendere
687 2273 773 2306 cursus

110 2333 181 2382 Velle
192 2334 305 2382 videmur
325 2341 350 2383 et
362 2335 485 2396 insnediis
496 2335 622 2384 conatibus
633 2337 701 2400 aegri

111 2412 273 2474 Succidimus,
297 2429 346 2463 non
355 2415 442 2478 lingue
452 2415 525 2476 velet,
534 2431 584 2463 non
594 2425 695 2480 corpore
706 2424 777 2465 notae

110 2492 240 2544 Sufficiunt
251 2496 324 2551 vires,
335 2510 380 2543 nec
389 2511 437 2542 vox
448 2502 491 2542 eut
503 2496 576 2543 verbe
587 2506 717 2548 secuntur:

109 2573 149 2624 Sic
160 2575 254 2636 Turno,
264 2590 417 2638 quecumque
427 2576 491 2624 vium
502 2577 593 2625 virtute
602 2576 698 2641 petivit,

110 2652 256 2704 Successum
268 2654 314 2703 dee
324 2655 378 2702 dire
388 2661 470 2718 negat.
505 2655 571 2703 Tum
581 2662 678 2719 pectore
690 2670 775 2703 sensus

108 2733 252 2783 vertuntur
263 2735 327 2782 varii
333 2752 341 2796 3
359 2733 464 2782 Rutulos
475 2733 605 2799 adspectat
615 2741 640 2782 et
650 2733 745 2795 urbem,

108 2812 296 2877 cunctaturque
306 2820 372 2861 metu
393 2814 517 2877 telumque
530 2814 620 2862 instare
632 2815 770 2878 tremescit5
