2110 3540
413 379 567 424 cernuus.
783 397 828 445 2³7

146 467 275 518 Successor
286 471 333 519 fuit
343 470 382 519 hic
393 473 447 534 tibi,
459 472 529 522 Galle
538 493 544 522 ε
568 473 712 538 Propertius
720 473 773 524 iili:

177 548 286 609 Quartus
297 551 328 598 eb
339 551 378 600 bis
389 554 451 600 serie
464 555 578 616 temporis
588 555 641 617 ipse
652 553 697 605 fui.

145 627 229 692 thue
239 645 285 694 ego
296 632 407 688 maiores,
419 632 454 680 sic
464 647 503 680 me
513 631 609 681 coluere
620 633 736 700 minores,

176 708 291 771 Notaque
301 725 350 756 non
360 710 429 758 tarde
441 710 506 759 fectu
517 711 606 760 'ibelie
616 727 671 761 mea
680 719 727 762 est.

144 789 261 838 Curminu
271 805 326 836 eum
336 792 442 852 primum
452 790 541 854 populo
552 791 668 840 iuvenilia
677 792 735 857 legi,

176 867 258 916 Barba
267 877 360 917 resecta
370 869 430 916 mibi
440 869 507 917 bisve
518 868 620 918 semelve
630 871 686 919 fuit.

146 949 258 997 Moverat
269 951 394 1013 ingenium
405 957 481 997 totam
492 956 590 997 euntutu
601 965 645 1013 per
655 950 749 1001 Urbem

176 1027 280 1076 Nomine
291 1044 340 1076 non
350 1043 408 1076 vero
419 1029 484 1076 dictu
494 1027 602 1076 Corinna
612 1030 679 1079 mibi.

144 1107 226 1156 Multa
237 1109 334 1171 quidem
347 1109 438 1172 scripsi.
473 1107 521 1156 Sed
533 1123 595 1171 quae
605 1110 692 1158 vitiosa
701 1112 796 1176 putavi,

176 1187 347 1236 Emendaturis
358 1189 455 1252 ignibus
466 1188 518 1251 ipse
529 1187 592 1235 dedi.

144 1265 215 1314 Tunc
230 1283 334 1330 quoque,
350 1283 406 1316 cum
421 1267 541 1331 fugerem,
555 1267 674 1330 quaedem
690 1267 812 1332 placitura

238 1351 352 1408 cremavi,

176 1427 259 1475 Iratus
271 1428 351 1475 studio
361 1427 557 1490 carminibusque
568 1428 636 1477 meis.

143 1506 221 1554 Mede
231 1506 371 1569 Cupidineis
382 1523 426 1556 nec
438 1507 626 1570 inexpugnabile
639 1507 694 1556 telis

176 1585 226 1636 Cor
236 1587 305 1647 mihi,
316 1586 429 1650 quodque
439 1585 500 1634 levis
511 1602 584 1634 cause
595 1593 711 1644 moveret,
722 1593 784 1638 erut.

144 1667 208 1716 cnm
218 1675 299 1714 tumen
310 1665 349 1714 bic
358 1681 444 1721 essem,
454 1667 601 1728 minimoque
609 1667 753 1716 accenderer
763 1669 831 1734 igne,

177 1744 281 1794 Nomine
290 1747 337 1794 sub
346 1754 429 1794 nostro
439 1745 522 1793 subula
532 1746 600 1793 nulla
611 1745 665 1794 fuit.

144 1827 226 1876 Peene
237 1827 298 1874 mihi
310 1843 385 1891 puero
395 1843 439 1874 nec
450 1827 524 1890 dignu
534 1842 578 1875 nec
589 1827 656 1874 utilis
664 1842 728 1875 uxor

176 1907 222 1956 Est
233 1908 299 1962 data,
310 1923 373 1970 quoe
384 1914 479 1970 tempus
490 1922 535 1970 per
545 1907 617 1954 breve
628 1913 704 1968 nupta
717 1905 773 1955 fuit.

144 1987 186 2036 Ilii
196 1988 319 2047 successit,
329 1987 438 2050 quemvis
449 1987 500 2037 sine
511 1987 612 2034 crimine
621 1987 736 2044 coniunx,

177 2067 233 2116 Non
244 2069 361 2115 tamenin
372 2073 455 2114 nostro
465 2066 536 2114 firma
547 2066 631 2113 future
641 2073 703 2113 toro.

145 2145 248 2206 Uitimu,
260 2162 322 2208 quae
333 2162 427 2193 mecum
438 2161 503 2193 seros
513 2144 647 2208 permansit
657 2147 683 2190 in
693 2158 779 2205 annos,

178 2225 299 2276 Sustinuit
309 2227 416 2274 coniunx
426 2226 506 2272 exulis
516 2239 570 2272 esse
579 2224 633 2272 viri.

144 2306 210 2355 Filia
219 2323 257 2354 me
268 2322 321 2353 mea
331 2307 369 2353 bis
381 2307 461 2368 prima
472 2304 576 2352 fecunda
586 2304 693 2364 iuventa,

178 2385 226 2434 Sed
237 2402 284 2433 non
297 2401 327 2433 ex
339 2401 388 2432 uno
400 2385 511 2447 coniuge,
523 2383 581 2430 fecit
591 2397 669 2430 avum.

145 2467 179 2515 Et
189 2467 237 2514 ium
248 2465 379 2529 complerat
390 2465 486 2527 genitor
497 2478 541 2510 suu
553 2462 612 2522 futu,
622 2475 757 2524 novemque

176 2546 315 2595 Addiderat
325 2546 411 2592 lustris
423 2543 500 2591 altere
511 2541 589 2589 lustru
598 2555 693 2589 novem.

146 2625 203 2674 Non
213 2625 283 2673 aliter
294 2625 357 2680 flevi,
369 2639 441 2686 qunm
453 2638 492 2670 me
502 2621 604 2669 fleturus
615 2619 738 2668 ademtum

177 2705 222 2753 Ille
235 2705 289 2754 suit.
325 2704 403 2752 Matri
413 2703 525 2767 proxima
537 2701 602 2748 iustu
611 2699 663 2748 tuli.
