2110 3540
368 363 602 408 PROPERTIUS.
787 379 833 428 τος

147 458 275 520 Ingenium
289 459 352 523 polis
362 460 443 508 irritet
454 459 528 508 Musa
538 461 630 524 poetis:

178 540 283 600 Bacche,
295 539 357 588 soles
368 539 469 590 Phoebo
480 541 568 589 fertilis
579 555 632 589 esse
642 545 694 588 tuo·

148 619 192 668 llle
203 620 333 683 paludosos
342 629 461 669 memoret
472 623 562 669 servire
574 620 727 670 Sicambros:

178 699 301 763 Cepheam
312 701 353 750 hie
363 701 468 749 Meroen
478 701 596 764 fuscaque
606 715 684 764 regna
695 703 774 748 canat.

150 779 197 829 Hic
208 781 301 829 referat
311 796 366 828 sero
376 781 514 830 confessum
525 781 623 830 foedere
633 780 765 828 Parthum:

181 859 279 908 Reddat
289 862 360 925 signa
371 861 442 909 Remi
452 881 459 912 s
476 877 534 910 mox
545 861 613 909 dabit
624 863 676 924 ipse
688 875 738 908 sua.

151 937 206 988 Sive
218 940 312 1003 aliquid
323 941 447 1005 pharetris
458 943 588 1006 Augustus
599 947 683 1005 paraet
692 940 760 996 Eois,

182 1019 290 1068 Differat
301 1021 327 1068 in
336 1036 425 1084 pueros
437 1022 485 1070 ista
494 1029 595 1085 tropaea
605 1037 669 1069 suos.

150 1099 245 1160 Gaude,
256 1100 353 1162 Crasse,
363 1103 448 1165 nigras
459 1103 479 1150 ei
490 1103 550 1166 quid
562 1103 627 1165 sapie
639 1100 704 1148 inter
713 1115 814 1163 arenas3

181 1180 222 1228 Ire
233 1196 277 1244 per
288 1181 432 1245 Euphraten
444 1182 475 1230 ad
486 1190 529 1230 tua
539 1182 612 1230 busta
622 1180 686 1229 lieet.

150 1259 190 1309 Sia
200 1268 295 1309 noctem
306 1270 401 1324 patera,
414 1264 449 1310 sia
460 1263 546 1310 ducam
558 1262 672 1318 carmine,
683 1261 759 1310 donec
815 1284 816 1288 ¹

192 1339 281 1390 Inlaiat
291 1341 373 1390 radios
384 1343 410 1390 in
420 1358 476 1390 mea
487 1343 544 1390 vina
554 1341 614 1388 dies.

699 1423 765 1484 Elea.
777 1421 809 1468 vi.

458 1525 546 1560 σωκ.

210 1610 265 1665 rae
279 1613 407 1667 deceased
423 1613 574 1668 Cornelia's
588 1613 704 1669 Addresr
718 1624 742 1670 to
757 1619 805 1670 her

430 1711 566 1764 Hasbuad.

206 1960 221 2017 ,s
256 1996 271 2017 ι
323 1974 445 2022 Panditur
456 1975 488 2022 ad
498 1973 579 2022 nullas
589 1975 663 2022 ianua
673 1976 746 2038 nigra
756 1990 847 2040 praees.

154 2051 218 2101 Cum
229 2053 303 2102 semel
315 2053 423 2102 infernas
434 2055 560 2103 intrarunt
570 2054 657 2103 funera
667 2055 743 2118 leges,

189 2133 246 2181 Non
257 2141 359 2182 exorato
370 2141 437 2182 stant
447 2134 576 2182 adamante
587 2136 648 2185 viae.

157 2211 194 2260 Te
205 2213 264 2262 licet
274 2223 385 2262 orantem
396 2213 480 2262 fuscae
491 2214 550 2262 deus
562 2215 647 2264 audiat
658 2215 737 2274 aulae,

189 2292 283 2357 Nempe
296 2303 351 2344 tuas
362 2293 476 2341 lacrimas
486 2293 560 2341 litora
571 2294 646 2343 surda
656 2295 749 2345 bibent.

156 2371 225 2421 Vota
237 2383 334 2422 mouent
345 2373 536 2437 Superos-ubi
548 2376 653 2436 portitor
663 2391 721 2424 aera
731 2376 832 2440 recapit,

191 2451 294 2502 Obserat
301 2451 428 2500 umbrosos
435 2453 515 2500 lurida
526 2463 598 2516 porta
608 2469 686 2516 rogos.

156 2531 198 2580 Sia
209 2541 316 2580 maestae
327 2533 436 2580 cecinere
448 2533 531 2594 tubae,
542 2549 596 2581 oum
609 2535 707 2582 subdita
717 2541 830 2583 nostrum

190 2611 339 2661 Detraheret
350 2612 413 2661 lecto
423 2613 466 2660 fax
478 2613 578 2660 inimica
588 2621 668 2676 caput

155 2691 224 2751 Quid
235 2693 296 2740 mihi
306 2694 445 2757 ooniugium
457 2691 548 2752 Paulli,
558 2693 617 2755 quid
627 2708 716 2742 currus
726 2709 826 2743 avorum

189 2775 288 2823 Profuit
299 2782 343 2823 aut
354 2775 433 2822 lamae
443 2775 548 2838 pignora
558 2781 627 2823 tanta
638 2789 705 2823 meae
716 2775 728 2823 i
