2110 3540
402 387 559 432 omnus.
772 405 815 440 ,Η

127 477 229 541 Iamque
240 484 335 541 petrem
351 477 503 542 famulosque
518 481 597 545 petris
613 480 739 543 lucemque
754 482 821 532 time.
912 508 914 518 ,

157 639 313 704 Expulerunt
324 655 420 688 somnos
430 640 492 690 hnee
503 657 558 690 mee
568 642 634 692 dicte
645 652 706 704 tuos,

125 722 132 746 ‘
143 719 223 785 Surge
234 735 289 785 nge,
299 719 393 782 Belide,
404 721 434 769 de
444 729 481 771 tot
490 722 563 771 modo
573 723 692 774 frutribus
700 729 778 778 unus!

158 798 216 848 Nox
228 800 282 860 tibi,
291 801 317 848 ni
327 815 455 864 properes,
465 802 513 851 iste
523 805 638 866 perennis
648 806 712 855 erit'

125 876 238 927 Territus
248 880 368 943 exsurgis
402 877 479 944 Fugit
489 882 567 930 omnis
577 883 665 932 inertie
675 887 761 936 somni.

155 957 255 1023 Aspicis
265 959 292 1006 in
302 959 389 1007 timide
400 959 474 1009 fortis.
485 962 534 1010 vele
543 978 626 1012 manu.

123 1038 258 1098 Quaerenti
266 1055 366 1088 oenum
376 1040 449 1088 ‘dum
460 1056 510 1091 mx
521 1044 587 1098 sinit,
598 1043 691 1110 effuge'
701 1046 753 1096 dixi
762 1069 769 1098 ι

155 1118 237 1167 ‘Dum
245 1134 296 1167 nox
306 1127 362 1168 etro
372 1121 439 1181 sinit,
450 1128 479 1169 tu
489 1121 564 1186 fugis,
576 1123 628 1186 ipss
639 1128 736 1175 moror!

122 1197 198 1247 Mune
206 1205 267 1254 erut,
277 1206 303 1247 et
313 1199 416 1248 Densus
426 1216 529 1265 generos
540 1217 572 1250 ex
582 1203 656 1250 eeede
667 1206 768 1254 iacentis

153 1278 306 1328 Dinumeret
341 1271 457 1328 Summae
464 1281 573 1329 oriminis
583 1297 647 1331 unus
658 1284 721 1334 ebes.

120 1358 183 1406 Fert
193 1359 257 1406 mule
267 1370 385 1423 eoguetee
396 1360 517 1408 iacturam
527 1363 613 1410 mortis
623 1363 649 1410 in
661 1378 717 1423 uno,

152 1438 186 1486 Et
197 1438 308 1502 queritur
319 1438 378 1487 faeti
389 1441 516 1504 sanguinis
526 1455 580 1489 esse
590 1457 686 1506 purum.

121 1517 262 1568 Abstrahor
274 1535 289 1567 a
299 1520 385 1583 patriis
397 1521 508 1583 pedibus,
519 1529 663 1586 raptumque
674 1525 800 1589 capillis-

154 1597 223 1646 Haee
233 1599 322 1646 meruit
332 1599 412 1662 pietas
423 1601 646 1662 praemia-ensem
657 1601 738 1654 hebet

119 1674 158 1726 At
169 1685 206 1738 tu,
216 1678 287 1740 sique
297 1678 361 1742 piae,
372 1676 482 1741 Lynoeu,
492 1679 538 1728 tibi
548 1693 608 1729 oure
618 1683 716 1740 sororis,

152 1757 271 1820 Quaeque
282 1753 326 1805 tibi
337 1757 412 1806 tribui
422 1773 532 1817 munere,
544 1759 633 1825 dignus
644 1761 728 1824 habes,

119 1835 170 1884 Vel
181 1835 219 1883 fer
228 1851 307 1900 opem,
319 1836 357 1884 vel
368 1836 429 1884 dede
440 1839 500 1886 neci.
534 1839 705 1906 Defimeteque
715 1841 766 1892 vite

152 1914 261 1981 corpora
272 1916 369 1965 furtivis
381 1918 480 1981 insuper
490 1918 551 1967 udde
562 1921 638 1986 rogis,

119 1997 154 2045 Et
165 1997 240 2061 sepeli
251 1997 356 2046 lacrimis
367 1997 467 2061 perfuse
477 1997 589 2048 fidelibus
599 2016 663 2062 osse,

152 2074 303 2140 Sculptaque
315 2077 364 2124 sint
374 2075 446 2124 titulo
456 2089 541 2126 nostre
550 2079 678 2142 sepulchre
688 2081 764 2144 brevi,

119 2154 201 2203 ‘Exul
211 2155 545 2220 Hypermestre-pretium
556 2161 653 2222 pietatis
664 2161 806 2226 iniquum-

152 2234 234 2295 Quum
244 2242 347 2285 mortem
358 2236 432 2285 fratri
442 2237 544 2301 depulit,
555 2239 608 2302 ipsa
618 2241 690 2292 tulit'

119 2314 233 2366 Scribere
244 2317 317 2379 plura
326 2317 395 2366 libet.
431 2315 478 2365 Sed
490 2319 596 2382 pondere
607 2321 675 2386 ltpsn
685 2331 785 2376 estense

149 2394 197 2444 nst
206 2411 303 2457 munus,
314 2402 339 2444 et
349 2398 414 2445 vires
425 2397 548 2446 subtrabit
557 2399 610 2463 ipse
619 2402 698 2451 timor.

650 2497 671 2531 v.
685 2487 747 2534 1-50.

381 2568 541 2774 oe
