2110 3540
364 375 598 421 proruamus.
784 381 829 435 rao

142 471 176 520 At
187 478 224 533 tu,
235 471 278 519 vix
288 472 380 534 primas
391 472 511 520 extollens
522 473 621 536 gurgite
631 469 734 534 palmas,

170 553 249 616 Saepe
260 567 340 598 meum
351 567 440 600 nomen
452 553 500 600 iam
511 553 623 616 peritura
634 565 712 598 voces.

140 631 211 692 Quod
222 633 243 679 si
253 631 317 679 forte
327 638 383 680 tuos
393 632 493 680 vidisset
504 631 614 681 Glaucus
624 630 722 692 ocellos,

170 709 243 759 Esses
254 710 318 758 lonii
329 710 394 759 facta
404 711 485 774 puella
496 713 580 774 maris,

140 789 172 838 Et
183 790 229 838 tibi
240 790 272 838 ob
282 791 398 838 invidiam
410 791 528 840 Nereides
540 791 722 854 increpitarent,

170 869 281 920 Candida
293 869 397 931 Nesaee,
409 872 506 919 caerula
517 871 661 936 Cymotbod.

143 950 189 1000 Sed
199 951 244 1000 tibi
256 950 365 999 subsidio
376 950 515 1014 delphinum
527 967 626 1000 currere
637 951 696 1013 vidi,

170 1029 228 1090 Qui,
240 1037 308 1094 puto,
321 1030 449 1078 Arioniam
457 1038 558 1078 vexerat
569 1039 625 1079 aute
636 1030 726 1095 lyram.

140 1109 241 1173 lamque
251 1125 297 1174 ego
308 1108 414 1157 conabar
425 1125 520 1159 summo
530 1125 569 1158 me
579 1112 676 1158 mittere
688 1126 757 1169 saxo,

170 1189 234 1238 Cum
243 1189 304 1237 mihi
314 1189 429 1238 discussit
438 1189 498 1238 talia
508 1191 560 1238 visa
570 1197 657 1238 metus.

223 1263 248 1314 ,ἢ
344 1287 358 1314 O
455 1288 469 1315 1
567 1287 579 1315 A
678 1287 692 1314 1

142 1348 189 1396 Seu
200 1363 268 1398 mare
278 1365 322 1413 per
332 1349 433 1414 longum
443 1365 498 1398 mea
506 1351 596 1415 cogitet
604 1349 640 1398 ire
649 1349 740 1414 puella,

171 1427 243 1476 Hanc
255 1445 344 1492 sequar
354 1436 380 1477 et
390 1429 452 1478 fidos
462 1445 512 1477 una
524 1437 581 1494 aget
591 1444 652 1476 aura
662 1428 732 1479 duos.

139 1507 224 1557 Unum
235 1509 294 1558 litus
305 1511 353 1558 erit
362 1511 456 1574 sopitis,
466 1526 565 1574 unaque
576 1517 643 1560 tecto

172 1589 264 1650 Arbor,
275 1596 299 1638 et
310 1605 342 1636 ex
353 1605 403 1636 una
414 1605 485 1654 saepe
496 1589 607 1638 bibemus
617 1605 690 1654 aqua,

140 1667 173 1716 Et
183 1668 266 1718 tabula
277 1684 326 1717 una
337 1669 397 1719 duos
407 1671 498 1733 poterit
509 1685 653 1734 componere
664 1676 783 1734 amantes,

171 1747 251 1797 Prora
261 1749 340 1797 cubile
351 1749 420 1812 mihi,
431 1765 474 1798 seu
485 1750 544 1798 mihi
555 1751 644 1814 puppis
655 1752 709 1798 erit.

141 1827 230 1877 Omnia
240 1830 380 1893 perpetiar3
399 1845 484 1878 saevus
495 1829 553 1878 licet
561 1837 649 1894 urgeat
660 1829 751 1889 Eurus,

171 1909 284 1972 Velaque
295 1910 321 1956 in
332 1911 452 1958 incertum
464 1909 570 1974 frigidus
581 1911 676 1958 Auster
686 1918 756 1974 agat,

140 1988 312 2052 Quoteumque
322 1996 347 2037 et
357 1990 424 2038 venti
434 1991 549 2038 miserum
560 1990 669 2037 vexastis
680 1989 781 2052 Ulixen,

173 2068 206 2116 Et
218 2067 331 2116 Danaum
342 2068 450 2117 Euboico
460 2069 532 2117 litore
543 2069 609 2116 mille
619 2076 694 2130 rates,

140 2145 174 2196 Et
184 2147 227 2210 qui
236 2149 346 2196 movistis
357 2148 405 2196 duo
414 2148 496 2210 litora,
505 2164 561 2197 oum
571 2149 639 2196 rudis
650 2152 736 2214 Argus

172 2227 296 2276 Duxerat
307 2229 390 2293 ignoto
402 2231 477 2276 missa
487 2228 599 2278 columba
609 2230 687 2294 mari3
794 2215 795 2221 ἵ

140 2303 188 2354 Illa
198 2309 258 2354 meis
269 2301 365 2355 tantum
378 2324 427 2355 nou
439 2324 555 2372 umquam
565 2309 628 2357 desit
638 2310 729 2374 ocellis,

172 2387 291 2435 Inceudat
301 2403 388 2435 navem
398 2389 510 2452 Iuppiter
522 2391 573 2452 ipse
584 2389 649 2440 licet.

140 2469 214 2518 Certe
224 2467 300 2514 isdem
311 2468 370 2515 nudi
380 2469 473 2532 pariter
484 2469 629 2518 iactabimur
640 2473 703 2522 oris:

173 2546 216 2594 Me
223 2546 280 2594 licet
290 2547 358 2594 unda
370 2548 442 2608 ferat,
455 2557 479 2596 te
491 2549 562 2598 modo
573 2557 640 2598 terra
651 2559 725 2617 teget.

143 2625 190 2674 Sed
200 2622 250 2673 non
261 2625 391 2690 Neptunus
403 2635 471 2675 tanto
480 2629 585 2676 crudelis
596 2632 683 2694 amori,

173 2702 304 2768 Neptunus
314 2703 387 2754 fratri
397 2723 443 2771 par
454 2708 480 2755 in
491 2723 573 2755 amore
583 2708 645 2756 Iovi.

474 2790 538 2852 Elep.
550 2789 617 2836 xviii.
631 2793 702 2854 l=203
719 2797 799 2844 2946.
