2098 3546
243 365 289 409 288
387 359 530 402 ANTHOL
538 360 619 404 ocu
645 361 688 402 LA
696 361 790 405 ΤΙΝΔ.

238 452 309 500 Mors
321 451 378 510 alis,
388 460 414 501 et
425 454 484 501 socii
495 469 580 516 mecm
592 454 671 502 fecere
682 456 790 504 timores.

240 530 308 580 Talis
319 539 374 579 erat
384 547 470 594 cumpo
481 533 540 581 belli
550 532 670 582 fluitantis
682 534 771 597 imago.

271 610 327 659 Sive
337 611 478 660 laborantes
489 619 605 677 concepto
616 612 714 661 flamine
725 621 807 662 terrae

237 689 376 739 Ventorum
388 691 481 738 rabiem
492 697 517 739 et
526 691 637 740 clausum
648 693 740 741 eiecere
751 693 872 756 furorem,

238 769 330 817 Exedit
341 785 382 818 seu
393 777 466 834 putre
477 771 556 819 solum
567 772 708 836 carpsitque
719 772 821 821 terendo

238 848 313 898 Unda
323 850 410 911 latens,
422 852 472 898 sive
483 851 530 900 hac
539 851 659 901 volventia
669 852 785 900 machina
795 852 858 900 caeli

237 929 360 985 Incubuit,
373 931 423 978 sive
433 946 504 979 omne
515 930 606 979 fretum
616 930 743 995 Neptunia
752 933 829 980 movit

238 1008 328 1075 Cuspis
338 1017 364 1058 et
372 1018 496 1059 extremas
508 1013 610 1076 gravius
620 1027 688 1060 mare
700 1014 772 1060 torsit
782 1013 806 1059 in
818 1027 884 1069 oras,

238 1088 287 1139 Seu
297 1092 348 1140 vati
358 1090 430 1140 datus
441 1091 482 1140 ille
492 1091 586 1156 fragor,
598 1107 641 1140 scu
652 1100 720 1140 terra
729 1094 823 1141 minata
832 1101 871 1142 est

237 1169 383 1234 Fratribus3
401 1187 456 1219 ecce
466 1171 516 1220 alte
527 1177 644 1235 praeceps
656 1171 745 1221 humus
754 1188 796 1220 cre
808 1173 932 1237 profunda

235 1249 343 1310 Dissilit,
355 1252 428 1314 inque
440 1253 517 1300 vicem
528 1259 682 1301 tremuerunt
693 1253 773 1300 sidera
784 1261 810 1301 et
821 1254 929 1302 umbrae.

235 1328 310 1378 Illum
322 1331 408 1394 ingens
417 1330 502 1379 haurit
514 1346 609 1396 specus,
620 1339 645 1379 et
656 1332 762 1379 transire
773 1341 889 1395 parantes

235 1409 330 1475 Mergit
340 1427 424 1474 equos,
435 1427 484 1460 non
493 1428 562 1460 arma
572 1427 655 1474 muna,
665 1428 714 1461 non
724 1412 794 1461 frena
803 1413 906 1477 remisit,

237 1490 306 1540 Sicut
316 1499 377 1552 erat,
389 1499 468 1539 rectos
479 1491 559 1541 defert
569 1493 595 1540 in
606 1491 713 1541 Tartara
722 1507 816 1541 currus.

236 1569 402 1634 Respexitque
413 1569 501 1618 cadens
512 1570 607 1619 caelum
617 1587 778 1634 campumque
789 1573 853 1620 coire

234 1648 367 1713 Ingemuit,
379 1647 454 1696 donec
465 1648 542 1698 levior
553 1650 670 1699 distantia
679 1667 765 1700 rursus

235 1728 337 1777 Miscuit
348 1744 407 1777 arva
418 1736 517 1787 tremor,
529 1730 656 1794 lucemque
667 1730 772 1779 exclusit
783 1731 892 1781 Averno.

616 1813 668 1859 Lib.
681 1825 727 1859 vn.
745 1827 766 1860 v.
779 1812 891 1860 789-823.

561 1974 600 2011 00.

426 2088 602 2140 Achilleidos.
642 2087 702 2140 Lib.
715 2087 732 2144 i.

331 2224 421 2276 Thetis
435 2242 544 2294 conveys
557 2225 678 2280 Achilles
691 2233 716 2279 tc
730 2225 836 2295 Scyros.

234 2595 337 2660 Iamuqe
354 2595 449 2651 timens,
467 2606 516 2656 quc
537 2589 624 2640 fronde
643 2590 741 2639 domum
761 2587 895 2652 suspendat

333 2675 430 2724 inanem

236 2755 352 2805 Providet
361 2755 418 2803 hinc
428 2706 523 2811 lentus,
534 2751 591 2800 hinc
601 2751 676 2800 unxia
686 2747 779 2814 cogitat
792 2761 895 2812 angues,
