2098 3546
253 379 299 426 332
396 360 628 404 ANTHOLOGIA
655 360 698 403 M
705 360 799 403 stru.

251 457 355 506 Nostros
366 456 481 506 aetheriis
492 455 595 504 misoens
605 461 704 502 terrena
714 453 886 516 Prometheus,

251 539 376 604 Sinceram
387 537 468 600 patrio
478 543 585 583 mentem
596 535 694 583 furatus
705 534 821 598 Olympo,

249 617 378 667 continuit
388 615 510 675 claustris,
522 615 738 678 indignantemque
749 616 868 664 revinxit.

249 699 291 757 Et,
301 713 357 746 eum
368 695 497 746 usualiter
508 703 606 760 possent
618 695 731 756 mortalia
741 696 812 758 fingi,

248 778 372 826 Adiunxit
382 777 499 840 geminus
533 776 602 836 Illae,
613 791 668 824 oum
679 791 781 840 corpore
791 776 884 839 lapsae,

247 858 390 909 Intereuntz
407 858 467 906 haee
478 857 530 906 sola
542 863 634 917 menet,
645 857 764 920 bustoque
774 865 900 920 superstes

247 939 342 988 Evolst.
376 939 447 988 Hane
458 939 509 986 ulta
519 938 607 1001 eapitis
618 937 731 986 fundavit
741 938 767 984 in
777 952 844 997 aree,

247 1019 428 1067 Mandatrioem
438 1033 548 1081 operum,
558 1025 793 1082 prospecturamque
805 1018 890 1066 labori

246 1097 307 1148 Illas
318 1099 424 1150 inferius·
429 1098 499 1158 eollo,
510 1106 689 1162 praeceptoque
699 1113 810 1147 summae

246 1179 366 1228 Passurus
375 1179 494 1239 dominae,
506 1179 580 1242 digna
591 1180 695 1230 statione
706 1177 840 1226 locavit.-

246 1260 298 1308 Hos
309 1260 386 1322 igitur
396 1261 417 1308 si
428 1260 483 1322 quis
495 1259 576 1322 potuit
587 1259 673 1306 sedare
683 1258 814 1320 tumultus,

245 1340 394 1389 Inooneussa
403 1339 472 1388 dubit
483 1353 560 1402 purae
572 1340 679 1388 sacraris
688 1339 773 1387 menti.

245 1421 285 1470 Tu
295 1420 352 1469 lioet
361 1427 485 1469 extremos
495 1419 546 1468 late
555 1419 680 1468 dominere
690 1433 735 1482 per
746 1419 831 1479 Indos,

244 1500 280 1548 Te
291 1499 388 1560 Medus,
400 1507 424 1548 te
436 1499 516 1549 mollis
527 1498 618 1558 Arabs,
630 1507 654 1548 te
668 1499 740 1550 Seres
751 1499 863 1561 adorent,

245 1581 272 1629 Si
287 1582 385 1641 metuis,
395 1582 414 1628 si
426 1595 503 1643 prava
513 1582 589 1645 cupis,
601 1581 622 1629 si
632 1580 731 1629 duceris
742 1581 780 1630 ira

243 1659 341 1709 Servitii
352 1661 445 1724 patiere
456 1663 555 1722 iugum:
572 1660 688 1712 tolerabis
698 1661 795 1724 iniquas

243 1739 350 1789 Interius
361 1739 436 1804 leges.
472 1742 542 1790 Tune
552 1743 634 1790 omnia
645 1742 699 1790 iure
710 1740 813 1802 tenebis,

242 1821 306 1871 Cum
316 1823 407 1886 poteris
417 1837 463 1872 rex
474 1837 526 1872 esse
535 1823 581 1872 tui.
613 1822 748 1872 Proclivior
758 1837 820 1871 usus

242 1901 272 1950 ln
283 1903 367 1966 peiora
377 1903 451 1952 datur
462 1903 598 1966 suadetque
608 1903 705 1952 licentio
715 1902 812 1964 luxum,

241 1981 413 2046 Illeoebrisque
422 1983 516 2034 effrene
526 1983 600 2033 favet.
633 1983 698 2032 Tum
709 1983 791 2032 vivere
800 1993 871 2036 ueste

241 2063 370 2126 Asperius,
379 2049 434 2111 oum
444 2071 542 2126 promta
554 2061 640 2112 Venus
649 2083 656 2112 r
675 2071 727 2112 tum
738 2063 825 2112 durius
836 2066 892 2114 irae

240 2141 391 2204 consulitur,
399 2159 455 2192 oum
465 2159 544 2206 poena
554 2151 631 2207 patet.
667 2143 716 2192 Sed
725 2145 862 2209 eomprime

335 2230 429 2274 motus:

239 2300 292 2350 Neo
302 2301 354 2362 tibi,
366 2303 426 2366 quid
440 2302 521 2364 lioeat,
532 2301 575 2352 sed
586 2302 645 2366 quid
656 2303 741 2352 fecisse
751 2303 858 2366 deoebit,
914 2345 917 2352 ,

238 2381 359 2433 Oeourrat
369 2389 524 2448 mentemque
534 2383 615 2434 domet
625 2392 751 2448 respectus
761 2385 869 2438 honesti.

603 2480 626 2515 v.
638 2470 760 2530 ets-2³83
777 2471 898 2520 ast-aot.

500 2624 667 2736 multu
