2070 3542
223 420 268 465 ยน7โฐ
359 403 590 446 ANTHOLOOIA
616 403 760 447 nArrrsA.

219 495 350 545 Barbarus
359 497 409 545 heu
418 498 513 546 eineres
524 498 621 546 insistet
631 498 716 559 vietor,
726 504 752 546 et
762 497 849 547 urbem

253 576 335 639 Eques
347 583 448 625 sonante
459 576 599 626 verberabit
608 577 709 642 ungula,
803 578 805 582 '

221 656 338 719 Quaeque
349 664 433 705 carent
443 656 522 706 ventis
533 663 559 705 et
568 657 661 706 solibus
671 673 728 706 ossa
739 655 840 716 Quirini

252 735 340 796 (Nefas
351 736 447 797 videre)
459 736 587 801 dissipabit
598 737 709 785 insolens.

219 814 295 862 Forte
305 814 365 877 quid
374 815 490 878 expediat
501 816 663 864 oommuniter
673 824 717 864 aut
727 815 814 864 melior
823 831 882 880 pam

253 891 328 940 Malis
338 907 421 940 oarero
431 893 550 956 quaeritis
559 892 684 941 laboribus
693 911 700 942 a

223 971 298 1020 Nulla
310 973 343 1020 sit
353 971 399 1020 heo
410 973 491 1035 potior
502 973 628 1030 sententia,
639 972 809 1020 Phocaeorum

256 1050 333 1100 Velut
343 1052 454 1116 profugit
464 1059 593 1100 exsecrata
602 1052 690 1100 civitae

222 1132 306 1194 Agros
317 1139 392 1195 atque
402 1131 478 1179 Lares
488 1133 588 1194 patrios,
599 1130 784 1194 habitandaque
793 1131 852 1180 fana

254 1211 331 1274 Apris
340 1212 440 1275 reliquit
450 1219 475 1260 et
484 1211 614 1274 rapacibus
624 1211 698 1275 lupis,

221 1290 271 1351 Iro,
282 1290 356 1354 pedes
364 1307 509 1354 quoeunque
518 1291 607 1352 ferent,
618 1306 763 1355 quoeunque
773 1306 818 1354 per
830 1290 912 1339 undas

253 1370 333 1419 Notus
343 1371 438 1420 vooabit
449 1380 493 1420 aut
502 1377 632 1434 protervus
642 1371 754 1420 Africus.

223 1447 262 1498 Sic
271 1449 358 1513 planet,
367 1466 399 1498 en
409 1450 496 1499 melius
506 1451 561 1514 quis
571 1449 647 1499 babet
657 1451 778 1498 suadere?
799 1450 904 1500 emunda

254 1529 343 1578 Ratem
354 1545 473 1594 occupare
484 1531 544 1594 quid
554 1545 680 1578 moramur
690 1531 770 1580 alite?

222 1608 272 1658 Sed
282 1611 392 1658 iuremus
402 1612 428 1658 in
438 1611 512 1660 haee:
530 1611 603 1659 simul
614 1612 669 1659 imis
682 1626 744 1658 saxa
755 1612 867 1660 renarint

255 1689 334 1738 Vadis
343 1690 433 1752 levata,
445 1706 476 1738 ue
486 1689 567 1738 redire
578 1691 611 1739 eit
621 1691 704 1753 nelas3

223 1769 279 1816 Neu
288 1784 406 1817 conversa
416 1769 514 1818 domum
526 1771 610 1834 pigeat
621 1769 679 1817 dare
689 1769 774 1833 lintea,
785 1771 884 1834 quando

254 1848 338 1896 Padus
349 1848 448 1897 Matina
457 1849 545 1897 laverit
555 1850 691 1909 eacumina,

222 1928 254 1976 In
266 1944 334 1976 mare
344 1944 386 1978 seu
397 1929 475 1978 oelsus
485 1929 636 1992 procurrerit
646 1929 819 1992 Appenninus,

255 2007 374 2072 Novoque
386 2016 495 2056 monstra
505 2008 614 2056 iunxerit
624 2007 725 2056 libidine

224 2087 304 2136 Mirus
315 2103 392 2143 amor,
403 2089 470 2136 iuvet
480 2095 509 2136 ut
519 2089 597 2152 tigres
607 2087 733 2136 subsidere
744 2087 830 2148 oewb,

254 2167 419 2216 Adulteretur
429 2175 456 2216 et
466 2166 579 2216 columba
589 2166 673 2227 miluo,

222 2246 329 2297 Credula
339 2263 383 2296 neo
395 2262 466 2296 raros
478 2248 580 2296 timeant
591 2253 703 2295 armenta
713 2246 806 2310 leones,
895 2255 897 2260 '

255 2328 379 2390 Ametque
390 2327 455 2375 salsa
464 2326 525 2376 levis
535 2327 619 2375 hirone
630 2341 745 2389 aequora

223 2409 294 2458 Haeo
304 2413 330 2457 et
341 2423 404 2472 quaa
414 2415 531 2472 potemrnt
540 2406 635 2457 reditus
647 2407 789 2456 abscindere
800 2407 878 2458 duleis

255 2489 346 2537 Eamus
357 2489 436 2536 omnis
448 2495 576 2537 exsecrata
586 2489 683 2549 civitas,

222 2569 278 2618 Aut
287 2583 345 2633 pars
355 2567 454 2616 indocili
463 2568 550 2616 melior
560 2583 652 2633 grega3
670 2566 751 2616 mollin
761 2574 788 2618 et
797 2583 875 2632 expes

254 2649 394 2699 Inominata
404 2649 541 2714 perprimat
551 2648 651 2697 cubilia.

223 2727 277 2777 Vos
289 2729 378 2795 quibus
389 2736 427 2778 eet
437 2729 525 2790 virtus,
536 2728 681 2776 muliebrem
693 2727 772 2777 tollite
783 2727 888 2788 luctum,

256 2807 360 2858 Etrusca
370 2816 469 2872 praeter
479 2816 505 2858 et
516 2807 595 2858 volate
606 2807 685 2857 litora
