2070 3542
233 417 263 463 ⁷⁰
376 401 607 446 ANTnonocu
631 403 774 449 cmm.

233 493 358 542 Submissc
367 493 469 558 placide,
480 494 663 559 blandiloqucns
673 497 758 544 oratio.

231 573 330 622 Etenim
340 575 389 637 ipsi
399 573 424 622 di
436 590 527 638 negare
537 576 578 622 cui
588 574 651 622 nihil
660 580 802 639 potuerunt,

232 654 362 702 Hominem
372 668 412 701 me
423 653 544 718 dencgcrc
556 655 611 718 quis
617 661 699 718 posset
709 655 761 718 pati
770 654 782 702 2

231 732 285 796 Ego
295 730 333 780 bis
345 731 443 780 tricenis
454 733 525 779 annis
535 733 596 780 actis
607 733 659 780 sinc
667 739 726 780 nota

198 851 201 858 .
231 809 314 873 Eques
325 825 439 859 romanus
449 825 481 858 cx
491 808 543 858 lare
553 826 666 874 egressus
676 826 730 858 mec

231 888 338 937 Domum
349 896 460 937 revortar
470 891 566 937 mimus.
601 888 725 938 Nimirum
736 889 782 938 hoc
793 890 833 938 dic

232 967 289 1016 Uno
299 967 354 1033 plus
365 969 417 1016 vixi
427 969 487 1016 mihi
498 985 572 1033 quam
583 969 712 1017 vivendum
723 968 778 1018 fuit

230 1048 349 1110 Fortuna,
356 1047 515 1096 immoderata
524 1049 550 1096 in
560 1048 623 1096 bono
635 1063 712 1112 acque
723 1055 798 1111 atquc
807 1048 835 1096 in
844 1047 918 1106 malo,

232 1125 259 1174 si
270 1126 314 1175 tibi
325 1134 380 1176 erat
390 1126 493 1184 libitum,
503 1127 641 1176 littercmm
653 1126 765 1174 laudibus

230 1204 333 1254 Florem
343 1221 458 1254 cacumen
469 1214 566 1254 nostrae
576 1205 657 1253 famae
667 1181 790 1268 frangere,

231 1283 291 1348 Cur,
301 1302 358 1336 cum
368 1287 480 1348 vigebam
491 1286 606 1334 membris
616 1284 846 1350 praeviridantibuS,

232 1363 377 1415 Satisicccre
387 1365 477 1431 populo
487 1373 513 1415 et
522 1366 566 1415 tali
576 1382 632 1415 cum
640 1372 748 1430 potcrcm
760 1365 822 1426 viro,

230 1444 288 1494 Non
297 1445 429 1494 flexibilem
439 1460 478 1493 mc
489 1446 648 1504 concurvcsti,
656 1451 685 1493 ut
695 1445 827 1510 carperes?

230 1523 303 1573 Nunc
313 1539 353 1572 mc
364 1539 413 1587 quo
424 1523 527 1573 deiicis?
543 1525 603 1589 quid
614 1525 646 1574 cd
657 1539 754 1573 scenam
764 1522 869 1572 adfero?

231 1601 351 1651 Dccorem
361 1603 454 1650 formcc
465 1617 498 1651 an
507 1603 652 1668 dignitatem
662 1603 778 1666 corporis,

229 1682 316 1730 Animi
326 1683 442 1730 virtutem
451 1696 484 1730 an
494 1683 561 1731 vocis
572 1681 693 1731 iucundae
704 1679 809 1730 sonum?

229 1760 267 1809 Ut
277 1760 367 1809 hedera
378 1775 477 1825 serpens
489 1763 553 1810 vires
563 1762 678 1810 arboreas
689 1768 768 1823 nccct,

230 1841 271 1889 Ita
280 1856 320 1888 mc
330 1848 439 1890 vetustas
449 1841 566 1906 amplexu
576 1857 695 1890 annorum
705 1847 799 1893 enecat.

232 1919 342 1986 Sepulcri
352 1921 438 1972 similis
448 1923 509 1972 nihil
517 1923 565 1972 nisi
575 1937 664 1972 nomon
674 1923 773 1971 retineo.
