2070 3542
237 370 281 424 136
386 362 616 406 Aunlionoou
641 362 786 404 LATJNA.

234 453 353 516 Sustinet,
363 461 389 503 et
396 451 449 503 t'sts
456 455 551 518 inponit
561 453 659 502 diverse
666 454 780 514 ducrum,

234 533 314 594 Quem
323 535 424 584 damnet
433 535 503 583 lsbcr
522 541 548 584 et
558 550 607 599 quo
617 541 704 599 verget
713 534 821 598 pondere
832 533 916 582 letum.

234 611 331 659 Emicat
347 611 396 667 hic,
407 611 497 675 inpune
507 617 607 674 putens,
617 619 643 658 et
651 625 752 674 corpore
762 617 815 658 tcto

234 687 295 735 Alte
306 687 429 736 subletum
439 689 566 751 consurgit
576 686 676 736 'liunus
686 689 712 734 in
722 702 806 736 ensem

234 767 267 816 Et
277 767 341 816 serit
376 767 523 815 Exclamant
533 766 611 816 Troes
621 767 759 831 trepidique
769 765 862 819 Ietini.

233 847 401 908 Artes-tueque
411 845 538 894 umbornm
548 848 622 896 scies.
656 849 694 895 At
703 845 814 910 perfidus
824 846 893 894 ensis

233 925 367 990 Frangitur
387 925 413 974 in
423 925 551 988 medioque
560 926 687 974 ardentem
698 926 790 974 deserit
802 927 863 986 ictu,

235 1001 268 1049 Ni
279 1001 339 1066 fuge
349 1001 457 1050 subsidio
468 1001 561 1050 subest
596 1001 672 1066 Fugit
685 1002 751 1050 ocior
761 1001 838 1060 Euro,

235 1080 271 1129 Ut
277 1080 391 1145 capulum
400 1083 510 1145 ignotum
521 1081 681 1144 dextrumque
692 1081 790 1144 aspexit
798 1081 923 1128 inermem.

233 1157 311 1206 Fama
336 1164 374 1206 est
405 1158 571 1222 praeeipitem,
593 1173 649 1205 cum
674 1159 755 1221 prims
781 1158 808 1204 in
834 1157 926 1220 proelis
1022 1143 1023 1200 ᾗ

329 1239 424 1285 iunctos

235 1313 419 1363 conscendebat
429 1328 513 1376 equos,
524 1313 604 1377 patrio
614 1328 729 1361 mucrone
740 1312 834 1372 relicto,

236 1391 302 1442 Dum
312 1394 429 1459 trepidet,
441 1394 534 1442 ferrum
544 1394 645 1457 aurigae
656 1393 767 1456 rapuisse
778 1391 886 1442 Metisci.

232 1472 311 1536 quue
321 1474 372 1532 diu,
382 1474 442 1521 dum
451 1480 523 1538 terge
532 1473 624 1522 dabunt
633 1473 743 1538 palantis
753 1472 853 1533 Teucri,

235 1553 352 1618 Suffecit3
369 1561 498 1618 postquam
509 1570 578 1603 arms
588 1555 629 1602 dei
642 1555 674 1602 ud
689 1553 812 1602 Volcenis
826 1561 925 1600 ventum

328 1641 374 1696 est,

232 1711 345 1762 Mortalis
355 1729 447 1775 mucro,
459 1713 549 1776 glacies
560 1729 605 1762 ceu
615 1713 703 1771 futilis,
711 1713 761 1761 ictu

231 1792 361 1858 Dissiluit3
378 1794 446 1842 fulva
456 1794 614 1859 resplendent
622 1791 747 1857 fragmine
757 1793 859 1848 harene.

231 1874 299 1939 Ergo
309 1891 392 1924 emens
403 1876 500 1924 diverse
509 1875 570 1940 fuga
577 1877 639 1938 petit
647 1889 755 1937 aequore
764 1874 875 1934 Turnus,

230 1955 264 2003 Et
274 1971 339 2004 nunc
348 1957 405 2017 hnc,
417 1957 472 2005 inde
482 1957 531 2004 huc
542 1954 761 2020 incertcsimplicnt
771 1955 855 2018 orbis3

231 2035 346 2101 Undique
356 2039 422 2086 enim
433 2037 523 2086 Teucri
533 2037 608 2085 dense
619 2036 737 2084 inclusere
748 2050 845 2095 corone,

229 2114 314 2178 Atque
324 2117 381 2165 hinc
392 2125 461 2165 vasta
471 2117 551 2180 palus,
560 2116 616 2164 hinc
625 2116 702 2163 ardus
710 2116 805 2163 moenie
811 2116 920 2178 cingunt.

260 2195 313 2244 Nec
323 2197 403 2244 minus
415 2198 521 2257 Aeneas,
533 2211 681 2260 quemquem
691 2195 787 2243 turduts
797 2195 891 2257 sagitte

228 2277 355 2326 Interdum
366 2293 446 2342 genus
457 2278 592 2340 impediunt
602 2291 750 2338 cursumque
759 2285 882 2333 recusent,

228 2357 378 2421 Insequitur,
389 2357 524 2422 trepidique
535 2357 621 2421 pedem
632 2356 694 2421 pede
701 2355 811 2404 fervidus
818 2363 903 2421 urget:

228 2437 352 2487 Inclusum
363 2437 438 2485 veluti
449 2438 469 2486 si
480 2437 577 2500 quando
587 2437 686 2485 flumine
697 2443 800 2485 nanctus

227 2517 332 2567 Cervum
343 2524 386 2567 aut
395 2518 513 2582 puniceae
523 2524 636 2582 saeptum
646 2515 775 2565 formidine
791 2516 883 2582 pinnae

227 2599 340 2648 Venntcr
349 2614 423 2648 cursu
433 2599 501 2646 cenis
511 2605 537 2646 et
548 2597 679 2647 latratibus
690 2601 781 2658 instet3

226 2678 271 2728 Ills
282 2687 372 2738 antem,
383 2678 479 2728 insidiis
489 2685 515 2728 et
524 2680 580 2743 ripe
591 2679 692 2727 territus
703 2677 761 2734 alta,

225 2757 295 2808 Mille
306 2759 372 2826 fugit
382 2761 522 2826 refugitque
533 2760 596 2824 viss3
618 2765 645 2808 nt
655 2757 750 2806 vividus
762 2756 858 2806 Umber
