2098 3546
225 393 273 438 3²4
368 374 599 418 ANTHOLOG'IA
625 375 767 418 LATJNA.

254 469 316 519 Cras
326 474 391 517 amet
400 469 443 532 qui
453 483 579 532 nunquam
590 470 690 532 amavit,
701 470 794 534 quique
805 472 898 520 amavit

316 563 372 596 aras
383 553 456 596 amet.

256 627 315 690 Ipsa
326 627 407 684 iussit,
416 641 488 674 mane
498 632 564 675 totae
575 627 681 690 virgines
691 628 787 675 nubant
796 639 881 679 rosae:

252 706 330 754 Fs'eta
339 705 456 770 Cypridis
466 705 496 754 de
507 721 595 754 eruore
605 705 684 769 deque
694 705 796 754 Amoris
807 707 897 756 osculis

253 787 340 850 Deque
357 785 460 850 gemmis
475 785 554 850 deque
569 785 675 834 flammis
691 785 770 848 deque
787 785 845 834 solis
854 802 913 850 pur·

315 867 392 929 puris.

254 943 318 994 Cras
329 945 453 1007 ruborem,
465 945 509 1008 qui
519 943 612 993 latebat
623 951 689 993 veste
700 950 779 993 tectus
790 945 871 1010 ignea,

252 1025 332 1073 Unico
342 1033 400 1074 uoto
410 1025 500 1072 marita
509 1039 558 1071 nou
569 1023 671 1087 pudebit
682 1024 782 1074 solvere.

172 1113 174 1117 '
220 1104 282 1154 Cras
299 1111 364 1154 amet
382 1106 424 1168 qui
442 1119 569 1168 uunquam
587 1105 687 1167 amavit,
703 1105 794 1168 quique
812 1106 905 1155 amavit

316 1201 371 1233 cras
381 1191 453 1233 amet

251 1265 310 1329 Ipsa
321 1264 450 1329 Nymphas
461 1263 519 1313 diva
529 1263 584 1313 luco
594 1264 666 1312 iussit
676 1263 712 1312 ire
722 1269 832 1329 mystea:

251 1344 277 1392 It
286 1359 348 1409 puer
358 1359 438 1392 eomes
449 1343 546 1408 puellis,
557 1359 602 1392 nea
613 1349 695 1392 tamen
704 1343 771 1392 credi
781 1350 862 1409 potest

253 1424 313 1471 Esse
324 1423 442 1472 Amorem
453 1423 577 1485 feriatum,
589 1423 610 1472 si
621 1424 723 1487 sagittas
733 1425 836 1473 vexerit

251 1504 290 1552 Ita
302 1503 327 1551 N
326 1503 445 1568 ymphae:
463 1504 545 1567 posuit
555 1519 632 1561 arma,
642 1503 745 1552 feriatus
755 1511 792 1553 est
800 1505 894 1556 Amor:

253 1584 338 1631 Iussus
349 1590 387 1631 ast
396 1583 496 1630 inermis
507 1584 552 1644 ire,
562 1582 643 1631 nudus
654 1585 690 1632 irs
700 1584 780 1632 iussus
790 1591 837 1646 est,

251 1662 307 1710 Neu
316 1662 374 1726 quid
382 1677 440 1710 arcu
449 1677 498 1710 neu
510 1664 600 1728 sagitta
608 1664 720 1726 neuquid
730 1665 786 1729 igne
795 1665 910 1715 laederet

252 1741 301 1790 Sed
308 1749 390 1790 tamen
397 1741 629 1806 Nymphaecavete,
636 1743 700 1808 quod
708 1743 803 1808 Cupido
809 1745 911 1810 pulcher

314 1829 365 1872 est:

253 1903 300 1952 Est
307 1905 333 1952 in
341 1905 416 1952 armis
426 1910 492 1953 totus
501 1904 574 1964 idem,
582 1904 681 1967 quando
691 1903 771 1956 nudus
777 1912 815 1954 est
821 1905 908 1955 Amor.

218 1981 281 2034 Cras
296 1990 362 2032 amet
377 1985 420 2047 qui
435 1999 561 2048 nunquam
577 1985 678 2046 amavit,
694 1985 785 2048 quique
801 1987 894 2035 amavit

313 2079 368 2112 aras
381 2071 451 2112 amet
578 2093 580 2099 ·

250 2139 359 2207 Compasi
370 2143 456 2192 Venus
466 2142 560 2207 pudore
570 2143 647 2194 mittit
658 2143 690 2193 ud
699 2150 724 2192 te
734 2144 855 2208 virgines:

249 2221 308 2270 Una
317 2238 357 2271 res
367 2229 406 2271 est
415 2239 489 2286 quam
500 2238 629 2288 rogamus:
646 2224 704 2273 cede
714 2225 784 2288 virgo
793 2223 876 2283 Delia,

250 2301 287 2350 Ut
297 2317 382 2351 nemus
393 2304 426 2351 sit
436 2304 590 2352 incruentum
601 2304 632 2352 de
644 2303 729 2352 ferinis
740 2303 866 2369 stragibus

248 2382 282 2431 Et
292 2383 430 2431 recentibus
440 2385 546 2433 virentes
556 2384 630 2434 ducat
640 2384 740 2434 umbras
749 2384 858 2434 floribus.

248 2462 333 2512 Vellet
344 2465 422 2527 ipsam
433 2471 457 2513 te
467 2479 565 2529 rogare,
573 2467 596 2514 si
605 2465 718 2531 pudicam
729 2465 851 2516 flecteret:

247 2543 306 2608 Ipsa
316 2539 388 2592 vellet
398 2550 427 2592 ut
436 2545 540 2606 venires,
553 2546 574 2594 si
583 2545 679 2594 deteret
690 2546 816 2611 virginem.

247 2623 301 2671 Iam
311 2624 391 2672 tribus
402 2624 489 2673 choros
499 2625 594 2674 videres
606 2627 707 2674 feriatos
717 2624 830 2674 noctibus

246 2701 387 2768 congreges
398 2705 462 2752 inter
472 2710 584 2753 estemas
595 2705 630 2754 ira
641 2721 685 2770 per
697 2703 772 2754 saltus
784 2710 849 2767 tuos,

245 2780 347 2835 Floreas
358 2783 423 2838 inter
432 2799 542 2847 coronas,
552 2793 661 2848 myrteas
671 2787 736 2834 inter
746 2799 822 2833 casas.
