2098 3546
426 391 581 436 snmus.
792 403 837 459 233

452 573 540 612 CXCVI.

150 677 309 748 Hypsipyle,
325 678 428 748 leaving
442 679 621 735 Archemorus
635 700 667 736 on
686 684 727 736 tte
745 683 836 749 Grues,
913 705 915 709 ·

283 775 353 827 leuda
367 777 407 828 tlte
420 775 538 846 Argives
551 785 576 831 to
590 796 607 830 a
621 778 711 832 Riuer.
942 771 944 776 ⁸

125 901 127 906 ·
220 866 297 961 31ξῖΤ
307 904 368 952 puer
378 890 404 936 in
415 889 509 953 gremio
519 903 608 938 vernae
619 888 715 938 telluris
725 897 750 938 et
761 889 811 938 alto

161 944 267 1102 effi}
290 968 417 1025 Gramine,
424 983 490 1018 nune
497 967 582 1017 faciles
589 969 842 1033 sternitprucursibus

154 1068 198 1107 ιρι
260 1054 266 1093 l

150 1124 182 1172 In
191 1124 285 1172 vultum
296 1125 389 1184 nitene3
409 1139 492 1174 caram
502 1125 575 1174 modo
584 1126 655 1174 lactis
665 1141 743 1191 egeno

150 1203 278 1252 Nutricem
289 1205 405 1268 clangore
415 1206 482 1254 ciens
492 1206 631 1268 iterumque
643 1205 765 1264 renidens,

151 1279 185 1327 Et
195 1280 285 1328 teneris
294 1280 416 1329 meditans
425 1281 500 1329 verba
510 1280 656 1328 inluetantia
666 1279 750 1338 labris,

150 1357 261 1407 Miratur
270 1375 399 1408 nemorum
410 1361 535 1425 strepitus,
547 1367 591 1408 aut
600 1359 674 1408 obvia
684 1361 772 1424 carpit,

150 1439 206 1487 Aut
216 1439 300 1502 patulo
311 1439 389 1489 trabit
400 1455 442 1488 ora
453 1440 527 1500 diem,
538 1439 693 1502 nemorisque
702 1439 824 1490 malorum

150 1518 248 1566 Inscius
258 1525 283 1567 et
292 1519 357 1568 vitae
368 1518 473 1568 multum
484 1535 585 1569 securus
593 1520 697 1568 inerrat.

153 1597 195 1648 Sic
205 1605 275 1648 tener
284 1598 392 1666 Odrysia
400 1600 501 1649 Mavors
511 1601 576 1657 nive,
587 1600 622 1648 sic
632 1615 695 1664 puer
704 1599 756 1648 alea

151 1674 254 1723 Vertice
264 1674 396 1736 Maenalio,
407 1675 464 1724 talis
472 1691 517 1740 par
526 1675 601 1724 litura
611 1682 712 1740 reptans

151 1749 274 1814 inprobus
286 1750 407 1815 Ortygiae
415 1750 480 1799 latus
490 1750 625 1799 inclinabat
634 1750 735 1814 Apollo.

183 1825 225 1874 Illi
235 1842 280 1890 per
290 1827 377 1875 dumos
387 1833 413 1875 et
424 1841 500 1890 opaca
511 1825 647 1874 virentibus
657 1825 752 1875 umbrie

152 1901 232 1950 Devia
240 1918 299 1967 pare
309 1904 420 1968 cingunt,
430 1917 488 1966 pars
499 1910 568 1952 arcta
578 1902 649 1966 plebe
660 1909 805 1964 sequuntur,

152 1977 374 2046 Praecelarantque
383 1979 477 2029 ducem.
510 1977 621 2026 Medium
632 1976 699 2025 subit
708 1976 751 2024 ilia
762 1992 806 2041 par

307 2070 338 2103 en

153 2129 212 2178 Non
227 2069 315 2179 iffi
326 2122 416 2178 festina
431 2130 519 2195 mod03
535 2131 634 2194 iamque
653 2142 724 2177 amne
741 2128 838 2192 propin·

252 2225 302 2272 quo

154 2283 240 2332 Rauca
250 2291 321 2333 sonet
330 2284 410 2346 vallis,
420 2299 584 2348 saxosumque
596 2283 685 2347 inpulit
695 2298 769 2332 auree

155 2360 283 2425 Murmur3
300 2361 334 2409 ibi
344 2360 458 2410 exultans
468 2361 605 2410 conclamat
615 2359 646 2407 ab
657 2359 754 2423 agmine
760 2359 849 2422 primo,

155 2434 226 2484 Sicut
235 2442 296 2493 erat,
307 2436 402 2484 levibus
412 2437 500 2484 tullens
510 2436 601 2484 vexilla
611 2433 728 2497 maniplis

155 2510 251 2575 Argus,
261 2511 379 2574 ‘Aquae!
389 2514 396 2538 '
407 2512 544 2576 longusque
555 2513 634 2559 virum
646 2521 774 2573 superata
783 2521 823 2556 cu·
885 2519 887 2526 ¹

252 2589 330 2636 currit

103 2681 105 2684 ·
146 2666 264 2728 Rumor,
276 2669 283 2694 ‘
294 2667 383 2729 Aquae
391 2666 413 2715 i’
430 2665 471 2714 Sic
483 2663 609 2713 Ambracii
620 2680 664 2730 per
674 2664 748 2712 litora
757 2662 828 2728 ponti
