2110 3540
397 373 550 419 omerus.
773 395 817 442 ²3¹

135 460 232 511 Sidonis
243 462 336 512 interea
346 479 435 530 magno
446 467 551 516 elamore
561 481 606 532 per
617 481 690 532 agros

166 540 309 601 Quaeritur.
341 545 472 610 Apperent
481 549 552 612 signe
563 554 682 610 notaeque
692 545 792 612 pedum.

137 620 245 670 Ventum
256 630 310 671 erat
320 623 352 672 ad
362 626 441 689 ripas:
458 627 555 676 inerant
566 628 671 692 vestigia
681 628 748 692 ripis.

167 700 289 751 Sustinuit
299 704 386 752 tacitas
397 707 508 755 oonsoius
519 707 598 756 amnis
608 722 694 771 aquas.

132 779 192 845 Ipsa
199 781 267 845 loqui
274 783 326 832 visa
335 790 386 834 est:
396 787 408 812 “
415 784 510 834 Plaoidi
517 802 571 836 sum
583 786 701 852 Nympha
710 787 821 852 Numici3

165 860 247 909 Amne
257 876 363 926 perenne
372 863 451 913 latens
461 865 537 914 Anna
547 865 660 914 Perenna
669 868 759 916 vocor!

488 942 547 993 Μῦς
556 957 596 992 111.
609 959 631 992 r.
645 949 758 996 oet-oss.

431 1261 522 1298 omn.

359 1389 443 1443 Flora
455 1391 573 1461 loquitur.

140 1564 159 1619 p
177 1520 251 1621 ᾖ)
262 1552 329 1600 ERE
339 1551 410 1601 fruor
419 1568 529 1618 eemperq
547 1568 643 1618 semper
653 1553 814 1602 nitidissimus

141 1562 249 1731 ὂψ)
341 1648 428 1681 annus.

140 1672 190 1737 l‘l
206 1720 231 1737 “-
250 1728 252 1733 ’
275 1711 360 1760 Arbor
370 1712 445 1761 habet
456 1711 565 1774 frondes,
576 1713 668 1778 pabula
679 1729 774 1778 semper

229 1789 325 1840 humus.

133 1867 180 1917 Est
189 1869 250 1919 mihi
259 1871 377 1920 fecundus
390 1870 512 1920 dotalibus
523 1869 610 1922 hortus
620 1873 645 1920 in
653 1874 735 1938 egris3

165 1947 238 1998 Aura
249 1950 321 2005 foret,
333 1950 440 2014 liquidae
450 1950 517 2000 fonte
528 1953 625 2016 rigatur
636 1967 721 2016 aquae.

134 2027 208 2077 Hunc
218 2044 287 2077 meus
299 2030 408 2094 implevit
418 2046 536 2095 generoso
547 2031 608 2080 flore
617 2033 729 2089 maritus,

165 2109 250 2172 Atque
261 2111 304 2170 ait,
315 2109 467 2159 ‘Arbitrium
478 2118 514 2168 tu,
526 2111 580 2173 dee,
590 2111 657 2160 floris
668 2111 749 2162 habe)

133 2187 212 2253 Saepe
223 2205 269 2254 ego
280 2191 386 2254 digestos
396 2191 461 2239 volni
472 2207 601 2240 numerare
613 2192 711 2252 oolores,

166 2269 218 2318 Neo
228 2271 313 2335 potui3
329 2286 431 2320 nurnero
440 2273 509 2336 eopia
520 2273 597 2320 maior
608 2279 667 2322 erat.

133 2350 239 2400 Roscida
248 2366 303 2399 cum
314 2351 420 2414 primum
430 2351 495 2400 foliis
505 2367 608 2403 excussa
617 2354 705 2417 pruine
715 2360 761 2413 est,

166 2429 200 2477 Et
209 2430 290 2478 variae
301 2430 374 2478 radiis
384 2431 510 2494 intepuere
520 2447 612 2493 comae,

133 2507 288 2559 Conveniunt
297 2510 369 2574 pictis
379 2510 499 2559 incinctae
510 2511 619 2560 vestibus
629 2511 722 2573 Horae,

165 2590 245 2654 Inque
253 2588 317 2638 leves
328 2588 437 2638 calathos
447 2604 550 2638 munera
560 2596 645 2638 nostra
654 2591 747 2654 legunt.

132 2671 250 2722 Protinus
260 2671 377 2719 aooedunt
388 2669 510 2732 Charites,
520 2676 670 2732 nectuntque
681 2684 791 2730 coronas,

167 2749 287 2814 Sertaque
297 2751 412 2800 caelestes
423 2749 571 2814 implicitura
581 2763 670 2798 eomas.
