2110 3540
385 395 621 442 PROPERTIUS.
805 415 851 460 ²⁰3

164 491 208 541 Est
218 490 313 540 Phoebi
323 490 420 556 fugiens
431 491 574 541 Athamana
584 491 617 540 ed
626 490 700 540 litore
711 498 804 556 portus,

193 571 250 632 Qua
260 573 328 621 sinus
339 558 560 622 Ioniee'murmurs
569 571 654 622 condit
662 587 750 634 equae,
849 613 852 620 .

161 653 236 702 Actio
246 652 329 702 Iuleae
338 653 441 719 pelagus
459 655 609 703 monimento
618 654 725 712 annae,

192 733 332 782 Neuter-um
343 735 405 783 votis
416 749 463 782 nou
474 748 578 798 operose
587 735 635 784 vie.

161 815 217 864 Huc
228 815 315 863 mundi
325 816 405 864 coiere
415 831 518 880 menus3
536 817 605 866 stetit
614 831 720 880 aequore
728 815 804 864 moles

191 897 278 956 Pinea,
288 910 333 944 uec
343 897 417 944 remis
427 910 506 959 usque
515 895 615 946 fovebat
622 897 682 945 evis.

160 976 250 1025 Altero
258 975 342 1025 classis
352 983 406 1024 eret
417 974 513 1025 Teucro
524 977 639 1025 damnate
649 976 763 1038 Quirino,

191 1057 295 1120 Pilaque
306 1057 411 1106 feminee
422 1059 528 1122 turpiter
538 1065 593 1107 acte
603 1073 685 1108 manu.

160 1139 227 1188 Hinc
237 1137 355 1202 Auguste
364 1140 427 1188 retis
436 1137 515 1203 plenis
526 1139 592 1187 Iovis
603 1139 683 1188 omine
693 1139 762 1200 velis,

192 1217 317 1282 Signaque
326 1219 376 1267 iem
387 1219 482 1283 petrice
493 1220 589 1268 vincere
600 1218 673 1267 docte
682 1233 749 1270 sure.

160 1296 271 1346 Tandem
282 1298 346 1346 ecies
355 1299 466 1362 geminos
477 1297 573 1346 Nereus
583 1298 681 1346 lunarat
690 1299 716 1346 iu
725 1313 811 1361 ercus5

192 1378 328 1427 Amorum
338 1378 415 1427 radiis
424 1379 491 1442 picto
502 1377 623 1426 tremebet
633 1391 712 1441 cquo3

159 1455 225 1508 Cum‘
234 1457 349 1507 Phoebus
359 1457 473 1521 linquens
484 1465 590 1506 stentem
598 1473 625 1506 se
635 1458 730 1507 vindice
740 1456 852 1506 Delon-

193 1533 258 1582 Nem
267 1533 326 1583 tulit
336 1535 414 1582 uetus
423 1533 520 1583 mobilis
532 1549 582 1582 une
592 1533 618 1582 N
618 1541 704 1583 ctos-

160 1614 250 1663 Aetitit
260 1614 372 1679 Augusti
383 1615 485 1678 puppim
497 1629 580 1678 super,
591 1621 617 1664 et
627 1630 689 1664 novo
699 1613 797 1663 flemma

191 1693 270 1742 Luxit
280 1695 306 1742 in
315 1693 441 1757 obliquum
451 1701 490 1743 ter
500 1695 599 1744 sinuete
609 1695 694 1743 focem

160 1772 217 1822 Non
228 1773 269 1822 ille
279 1773 398 1822 attulerat
408 1775 488 1822 crines
499 1776 524 1823 in
536 1775 599 1824 colle
609 1775 710 1837 solutos,

193 1850 247 1898 Aut
258 1849 411 1899 testudineae
420 1866 520 1899 mrmen
530 1853 623 1900 inerme
634 1850 705 1915 lyrae
714 1870 722 1915 ς

160 1925 209 1975 Sed
220 1927 288 1990 quali
298 1929 396 1992 repexit
405 1926 539 1993 Pelopeum
550 1928 737 1993 Agamemnone
747 1928 826 1988 vultu,

191 2003 339 2068 Egessitque
350 2002 428 2052 uvidis
438 2001 532 2052 Dorice
542 2014 625 2052 cestre
635 2004 719 2068 regist

160 2081 214 2133 Aut
224 2083 305 2147 quelle
315 2082 393 2132 flexos
403 2082 476 2132 solvit
486 2083 604 2146 Pythone
614 2098 659 2148 per
669 2083 740 2131 orbes

193 2161 345 2228 Serpentem,
357 2163 466 2212 imbelles
477 2173 550 2228 quem
560 2164 663 2214 timuere
674 2163 751 2228 lyrae.

159 2241 223 2291 Mox
233 2244 277 2304 ait,
286 2243 324 2292 ‘O
334 2242 409 2307 louge
419 2244 504 2292 mundi
515 2251 625 2292 servetur
635 2243 666 2292 eb
676 2243 753 2305 Albe,

192 2322 316 2385 Auguste,
328 2322 457 2372 Hectoreis
468 2325 565 2389 cognite
576 2325 654 2374 meicr
664 2325 725 2385 evis,

160 2402 241 2452 Vince
248 2406 328 2454 meri:
345 2405 396 2452 iem
405 2412 583 2456 terretucestt
600 2406 646 2454 tibi
655 2405 745 2454 militet
754 2420 835 2468 orcus,

191 2480 225 2528 Et
236 2480 302 2529 fovet
312 2496 345 2529 ex
356 2480 465 2530 humeris
475 2481 522 2530 hoc
531 2497 595 2531 onus
605 2497 676 2530 omne
686 2482 755 2529 meis.

159 2559 232 2609 Solve
243 2569 310 2609 metu
321 2563 437 2625 petriam,
448 2577 511 2626 quse
521 2579 586 2611 nunc
597 2570 621 2610 te
632 2560 727 2610 vindice
736 2561 800 2611 freto

190 2640 313 2705 Imposuit
323 2656 412 2705 prorae
422 2642 517 2705 publice
529 2653 586 2690 voto
596 2651 661 2691 tuoe.

158 2719 240 2781 Quem
251 2723 299 2770 nisi
309 2722 433 2782 defendes,
445 2737 572 2770 murorum
583 2721 704 2770 Romulus
715 2737 795 2788 uugnrr

191 2799 232 2849 Ire
242 2798 368 2849 Palatinas
380 2816 428 2850 non
439 2800 501 2850 bene
512 2801 572 2850 vidit
584 2816 648 2850 oves
