2110 3540
213 395 259 438 204
355 381 586 424 surncnccrs
612 381 754 426 carrus.

212 473 245 520 Et
255 473 359 522 nimium
369 475 442 524 remis
453 475 558 540 audeut3
576 474 637 539 proh
650 482 721 540 turpe
731 475 836 534 latinis,

243 553 358 618 Principe
370 562 402 616 te,
413 555 502 604 fluctus
514 557 583 620 regia
594 543 648 604 vela
659 558 726 620 petii

212 634 265 684 Nec
274 642 307 696 te,
318 635 384 699 quod
394 636 478 702 classis
488 639 597 685 centenis
607 638 711 702 remiget
720 637 775 698 alis,

243 714 360 766 Terreat:
377 717 455 765 invite
465 717 558 765 labitur
569 717 611 765 illa
622 718 692 765 mari.

212 793 332 859 Quodque
341 797 433 844 vehunt
441 813 529 860 prorae
538 797 685 846 Centaurica
694 812 754 846 saxa
760 797 885 860 minantis,

245 874 326 939 Tigna
337 891 398 924 cava
409 883 434 924 et
447 878 523 940 pictos
533 877 660 941 experiere
670 884 759 926 metus.

212 955 318 1020 Frangit
327 963 353 1005 et
364 957 456 1006 attollit
465 957 530 1006 vires
541 958 567 1004 in
577 957 655 1005 milite
665 973 754 1021 causa3

245 1035 315 1095 Quae
325 1037 373 1085 nisi
385 1037 450 1085 iusta
461 1037 553 1098 subest,
564 1037 659 1085 excutit
668 1051 737 1084 arma
747 1036 834 1100 pudor.

214 1115 402 1180 Tempusadest,
407 1118 532 1166 committe
538 1123 617 1166 ratesr
626 1131 674 1181 ego
680 1118 797 1181 temporis
804 1123 889 1167 auctor

245 1196 341 1248 Ducam
352 1197 476 1262 laurigera
487 1197 552 1244 Iulia
561 1203 643 1245 rostra
653 1198 745 1244 manu'

214 1277 328 1340 Dixerat,
338 1284 364 1325 et
374 1276 504 1342 pharetrae
515 1276 610 1340 pondus
619 1277 740 1324 consumit
750 1277 775 1324 in
787 1292 873 1326 meus:

245 1357 363 1406 Proxima
373 1365 430 1422 post
441 1373 512 1406 arcus
522 1357 637 1406 Caesaris
648 1357 720 1405 hasta
730 1357 784 1406 fuit

214 1437 300 1486 Vincit
311 1438 390 1486 Roma
400 1437 448 1486 fida
458 1437 567 1500 Phoebi3
584 1437 627 1485 dat
638 1437 728 1486 femina
738 1452 828 1502 poenas
838 1455 845 1498 ;

246 1518 348 1582 Sceptra
358 1534 403 1582 per
415 1519 498 1567 Ionias
508 1519 589 1566 fracta
598 1517 722 1566 vehuntur
732 1533 817 1582 aquas.

213 1599 251 1648 At
262 1607 333 1663 pater
342 1598 422 1647 Idalio
432 1600 537 1646 miratur
549 1598 642 1647 Caesar
652 1599 684 1647 ab
695 1605 777 1649 astro:

244 1681 252 1706 ‘
263 1678 322 1727 Sum
334 1679 401 1740 deus,
412 1685 437 1726 et
448 1680 526 1726 nostri
536 1679 663 1743 sanguinis
673 1679 721 1727 ista
731 1678 806 1728 fidea'

213 1759 374 1823 Prosequitur
385 1767 458 1808 cantu
470 1759 568 1815 Triton,
578 1775 711 1823 omnesque
721 1761 832 1809 marinae

245 1839 394 1888 Plauserunt
404 1842 469 1888 circa
479 1840 557 1889 libera
568 1841 641 1904 signa
650 1839 717 1887 deae.

215 1919 261 1970 illa
271 1922 333 1984 petit
345 1921 431 1969 Nilum
441 1921 531 1985 cymba
542 1921 606 1968 male
614 1925 688 1969 nacta
697 1915 781 1982 fugaci

246 2001 301 2050 Hoc
312 2017 397 2057 unum,
409 2003 475 2050 iusso
488 2016 537 2049 non
549 2001 669 2049 moritura
680 2001 726 2049 die.

214 2082 248 2130 Di
259 2082 358 2132 melius:
375 2089 482 2146 quantus
493 2081 580 2129 mulier
591 2081 655 2129 foret
665 2097 713 2129 una
726 2080 874 2145 triumphus,

246 2163 343 2212 Ductus
353 2170 407 2211 erat
416 2179 461 2227 per
472 2159 534 2225 quas
543 2168 602 2209 ante
611 2161 734 2224 Iugurtha
743 2164 803 2209 vias.

214 2244 304 2293 Actius
315 2244 372 2291 hinc
383 2244 460 2292 traxit
471 2242 586 2290 Phoebus
603 2241 760 2299 monimenta,
772 2241 838 2305 quod
847 2244 902 2293 eius

249 2325 305 2373 Una
316 2325 397 2373 decem
408 2325 467 2372 vicit
477 2325 552 2372 missa
564 2323 655 2388 sagitta
665 2331 737 2371 rates.

214 2405 284 2454 Bella
295 2406 354 2453 satis
363 2406 450 2453 cecini:
468 2404 589 2453 citharam
600 2404 648 2452 iam
660 2404 739 2467 poscit
748 2403 839 2467 Apollo

248 2485 344 2542 Victor,
355 2485 422 2532 etad
433 2483 542 2549 placidos
551 2485 622 2532 exuit
632 2498 701 2532 arma
710 2483 806 2533 choros.

216 2565 327 2616 Candida
337 2581 403 2614 nunc
413 2564 481 2613 molli
492 2564 595 2612 subeant
605 2565 716 2613 convivia
727 2563 790 2624 luco,

247 2647 434 2710 Blanditiaeque
444 2645 522 2692 fluant
532 2660 576 2709 per
587 2659 642 2692 mea
652 2643 715 2692 eolla
726 2659 811 2708 rosae3

216 2726 332 2790 Vinaque
342 2726 478 2775 tundantur
489 2725 579 2789 praelis
589 2725 650 2773 elisa
658 2724 780 2786 Falernis,

248 2807 346 2872 Terque
357 2807 423 2856 lavet
432 2813 528 2856 nostras
539 2806 607 2870 spica
616 2805 704 2856 Cilissa
713 2819 802 2854 comm.
