<?xml version="1.0" encoding="UTF-8"?>
<!DOCTYPE html PUBLIC "-//W3C//DTD XHTML 1.0 Transitional//EN"
    "http://www.w3.org/TR/xhtml1/DTD/xhtml1-transitional.dtd">
<html xmlns="http://www.w3.org/1999/xhtml" xml:lang="en" lang="en">
 <head>
  <title>
</title>
<meta http-equiv="Content-Type" content="text/html;charset=utf-8" />
  <meta name='ocr-system' content='tesseract 3.04.00' />
  <meta name='ocr-capabilities' content='ocr_page ocr_carea ocr_par ocr_line ocrx_word'/>
</head>
<body>
  <div class='ocr_page' id='page_1' title='image "./anthologialatin01thacgoog_0246.png"; bbox 0 0 2110 3540; ppageno 0'>
   <div class='ocr_carea' id='block_1_1' title="bbox 221 334 813 394">
    <p class='ocr_par' dir='ltr' id='par_1_1' title="bbox 221 334 813 394">
     <span class='ocr_line' id='line_1_1' title="bbox 221 334 813 394; baseline -0.008 -11"><span class='ocrx_word' id='word_1_1' title='bbox 221 348 267 394; x_wconf 75' lang='lat'>224</span> <span class='ocrx_word' id='word_1_2' title='bbox 363 335 593 378; x_wconf 69' lang='lat' dir='ltr'>Aornonoors</span> <span class='ocrx_word' id='word_1_3' title='bbox 619 334 761 378; x_wconf 68' lang='lat' dir='ltr'>narrrs,</span> <span class='ocrx_word' id='word_1_4' title='bbox 811 383 813 389; x_wconf 22' lang='lat' dir='ltr'><strong><em>s</em></strong></span> 
     </span>
    </p>
   </div>
   <div class='ocr_carea' id='block_1_2' title="bbox 218 427 956 2229">
    <p class='ocr_par' dir='ltr' id='par_1_2' title="bbox 218 427 956 2168">
     <span class='ocr_line' id='line_1_2' title="bbox 220 427 898 492; baseline 0.004 -18"><span class='ocrx_word' id='word_1_5' title='bbox 220 427 362 490; x_wconf 73' lang='lat' dir='ltr'>Inspicitur,</span> <span class='ocrx_word' id='word_1_6' title='bbox 373 435 534 492; x_wconf 83' lang='lat' dir='ltr'>penetratque</span> <span class='ocrx_word' id='word_1_7' title='bbox 545 443 617 478; x_wconf 79' lang='lat' dir='ltr'>ouras</span> <span class='ocrx_word' id='word_1_8' title='bbox 626 443 675 478; x_wconf 88' lang='lat' dir='ltr'>vox</span> <span class='ocrx_word' id='word_1_9' title='bbox 685 430 764 478; x_wconf 84' lang='lat' dir='ltr'>omnis</span> <span class='ocrx_word' id='word_1_10' title='bbox 775 428 807 476; x_wconf 79' lang='lat' dir='ltr'>sd</span> <span class='ocrx_word' id='word_1_11' title='bbox 819 441 898 479; x_wconf 79' lang='lat' dir='ltr'>eures.</span> 
     </span>
     <span class='ocr_line' id='line_1_3' title="bbox 219 505 892 574; baseline 0.006 -20"><span class='ocrx_word' id='word_1_12' title='bbox 219 505 298 554; x_wconf 82' lang='lat' dir='ltr'>Fame</span> <span class='ocrx_word' id='word_1_13' title='bbox 308 513 382 566; x_wconf 80' lang='lat' dir='ltr'>tenet,</span> <span class='ocrx_word' id='word_1_14' title='bbox 393 524 535 572; x_wconf 83' lang='lat' dir='ltr'>summeque</span> <span class='ocrx_word' id='word_1_15' title='bbox 546 509 645 558; x_wconf 89' lang='lat' dir='ltr'>domum</span> <span class='ocrx_word' id='word_1_16' title='bbox 655 509 702 557; x_wconf 87' lang='lat' dir='ltr'>sibi</span> <span class='ocrx_word' id='word_1_17' title='bbox 711 509 773 574; x_wconf 84' lang='lat' dir='ltr'>legit</span> <span class='ocrx_word' id='word_1_18' title='bbox 784 510 810 558; x_wconf 89' lang='lat' dir='ltr'>in</span> <span class='ocrx_word' id='word_1_19' title='bbox 821 523 892 558; x_wconf 79' lang='lat' dir='ltr'>erce:</span> 
     </span>
     <span class='ocr_line' id='line_1_4' title="bbox 219 584 834 650; baseline 0.003 -16"><span class='ocrx_word' id='word_1_20' title='bbox 219 584 412 650; x_wconf 86' lang='lat' dir='ltr'>Innumerosqne</span> <span class='ocrx_word' id='word_1_21' title='bbox 422 586 504 636; x_wconf 74' lang='lat' dir='ltr'>editus</span> <span class='ocrx_word' id='word_1_22' title='bbox 514 603 543 636; x_wconf 85' lang='grc' dir='ltr'>αα</span> <span class='ocrx_word' id='word_1_23' title='bbox 553 588 620 636; x_wconf 87' lang='lat' dir='ltr'>mille</span> <span class='ocrx_word' id='word_1_24' title='bbox 631 588 752 636; x_wconf 71' lang='lat' dir='ltr'>foramina</span> <span class='ocrx_word' id='word_1_25' title='bbox 762 589 834 638; x_wconf 82' lang='lat' dir='ltr'>tentis</span> 
     </span>
     <span class='ocr_line' id='line_1_5' title="bbox 218 666 753 733; baseline 0.007 -19"><span class='ocrx_word' id='word_1_26' title='bbox 218 666 334 728; x_wconf 85' lang='lat' dir='ltr'>Addidit,</span> <span class='ocrx_word' id='word_1_27' title='bbox 345 675 370 715; x_wconf 87' lang='lat' dir='ltr'>et</span> <span class='ocrx_word' id='word_1_28' title='bbox 380 667 455 716; x_wconf 87' lang='lat' dir='ltr'>nullis</span> <span class='ocrx_word' id='word_1_29' title='bbox 465 667 564 716; x_wconf 83' lang='lat' dir='ltr'><strong>inclusit</strong></span> <span class='ocrx_word' id='word_1_30' title='bbox 573 667 659 716; x_wconf 81' lang='lat' dir='ltr'>limine</span> <span class='ocrx_word' id='word_1_31' title='bbox 668 669 753 733; x_wconf 86' lang='lat' dir='ltr'>portis.</span> 
     </span>
     <span class='ocr_line' id='line_1_6' title="bbox 219 746 856 812; baseline 0.005 -17"><span class='ocrx_word' id='word_1_32' title='bbox 219 746 299 795; x_wconf 82' lang='lat' dir='ltr'>Nocte</span> <span class='ocrx_word' id='word_1_33' title='bbox 308 747 397 811; x_wconf 88' lang='lat' dir='ltr'>dieque</span> <span class='ocrx_word' id='word_1_34' title='bbox 407 754 485 812; x_wconf 81' lang='lat' dir='ltr'>petet.</span> <span class='ocrx_word' id='word_1_35' title='bbox 516 746 580 796; x_wconf 83' lang='lat' dir='ltr'>Tots</span> <span class='ocrx_word' id='word_1_36' title='bbox 590 755 668 797; x_wconf 85' lang='lat' dir='ltr'>estex</span> <span class='ocrx_word' id='word_1_37' title='bbox 680 763 737 796; x_wconf 83' lang='lat' dir='ltr'>sere</span> <span class='ocrx_word' id='word_1_38' title='bbox 744 751 839 798; x_wconf 74' lang='lat' dir='ltr'>sonanti</span> <span class='ocrx_word' id='word_1_39' title='bbox 849 769 856 798; x_wconf 72' lang='grc' dir='ltr'><strong>ε</strong></span> 
     </span>
     <span class='ocr_line' id='line_1_7' title="bbox 220 825 956 892; baseline 0.004 -18"><span class='ocrx_word' id='word_1_40' title='bbox 220 825 284 874; x_wconf 80' lang='lat' dir='ltr'>Tots</span> <span class='ocrx_word' id='word_1_41' title='bbox 294 827 385 888; x_wconf 82' lang='lat' dir='ltr'>fremit,</span> <span class='ocrx_word' id='word_1_42' title='bbox 398 842 514 890; x_wconf 82' lang='lat' dir='ltr'>vocesque</span> <span class='ocrx_word' id='word_1_43' title='bbox 522 828 606 886; x_wconf 80' lang='lat' dir='ltr'>refert,</span> <span class='ocrx_word' id='word_1_44' title='bbox 615 828 746 891; x_wconf 70' lang='lat' dir='ltr'><strong>iteratque,</strong></span> <span class='ocrx_word' id='word_1_45' title='bbox 757 828 823 892; x_wconf 89' lang='lat' dir='ltr'>quod</span> <span class='ocrx_word' id='word_1_46' title='bbox 833 829 908 877; x_wconf 83' lang='lat' dir='ltr'>endit.</span> <span class='ocrx_word' id='word_1_47' title='bbox 953 859 956 866; x_wconf 88' lang='lat'><em>·</em></span> 
     </span>
     <span class='ocr_line' id='line_1_8' title="bbox 220 904 785 970; baseline 0.005 -17"><span class='ocrx_word' id='word_1_48' title='bbox 220 904 296 954; x_wconf 78' lang='lat' dir='ltr'>Nullo.</span> <span class='ocrx_word' id='word_1_49' title='bbox 307 906 376 970; x_wconf 86' lang='lat' dir='ltr'>quies</span> <span class='ocrx_word' id='word_1_50' title='bbox 387 908 462 961; x_wconf 84' lang='lat' dir='ltr'>intus,</span> <span class='ocrx_word' id='word_1_51' title='bbox 471 906 587 969; x_wconf 83' lang='lat' dir='ltr'>nulleque</span> <span class='ocrx_word' id='word_1_52' title='bbox 599 906 696 955; x_wconf 84' lang='lat' dir='ltr'>silentis</span> <span class='ocrx_word' id='word_1_53' title='bbox 706 914 785 970; x_wconf 84' lang='lat' dir='ltr'>perte.</span> 
     </span>
     <span class='ocr_line' id='line_1_9' title="bbox 219 984 907 1049; baseline -0.003 -15"><span class='ocrx_word' id='word_1_54' title='bbox 219 985 273 1034; x_wconf 85' lang='lat' dir='ltr'>Neo</span> <span class='ocrx_word' id='word_1_55' title='bbox 282 992 364 1034; x_wconf 85' lang='lat' dir='ltr'>temen</span> <span class='ocrx_word' id='word_1_56' title='bbox 374 984 413 1036; x_wconf 84' lang='lat' dir='ltr'>est</span> <span class='ocrx_word' id='word_1_57' title='bbox 423 986 522 1043; x_wconf 85' lang='lat' dir='ltr'>clumor,</span> <span class='ocrx_word' id='word_1_58' title='bbox 533 985 576 1034; x_wconf 84' lang='lat' dir='ltr'>sed</span> <span class='ocrx_word' id='word_1_59' title='bbox 587 1001 677 1049; x_wconf 82' lang='lat' dir='ltr'>purvee</span> <span class='ocrx_word' id='word_1_60' title='bbox 687 1001 815 1035; x_wconf 80' lang='lat' dir='ltr'>murmure</span> <span class='ocrx_word' id='word_1_61' title='bbox 826 985 907 1048; x_wconf 59' lang='lat' dir='ltr'>noeis,</span> 
     </span>
     <span class='ocr_line' id='line_1_10' title="bbox 218 1065 825 1131; baseline 0 -17"><span class='ocrx_word' id='word_1_62' title='bbox 218 1065 309 1126; x_wconf 76' lang='lat' dir='ltr'>Qualis</span> <span class='ocrx_word' id='word_1_63' title='bbox 319 1067 349 1116; x_wconf 90' lang='lat' dir='ltr'>de</span> <span class='ocrx_word' id='word_1_64' title='bbox 358 1066 448 1131; x_wconf 77' lang='lat' dir='ltr'>pelugi,</span> <span class='ocrx_word' id='word_1_65' title='bbox 459 1069 480 1114; x_wconf 89' lang='lat' dir='ltr'>si</span> <span class='ocrx_word' id='word_1_66' title='bbox 490 1067 546 1129; x_wconf 88' lang='lat' dir='ltr'>quis</span> <span class='ocrx_word' id='word_1_67' title='bbox 556 1065 640 1130; x_wconf 80' lang='lat' dir='ltr'>procul</span> <span class='ocrx_word' id='word_1_68' title='bbox 650 1066 742 1128; x_wconf 74' lang='lat' dir='ltr'>audiet,</span> <span class='ocrx_word' id='word_1_69' title='bbox 753 1065 825 1114; x_wconf 85' lang='lat' dir='ltr'>undis</span> 
     </span>
     <span class='ocr_line' id='line_1_11' title="bbox 218 1146 901 1211; baseline 0 -16"><span class='ocrx_word' id='word_1_70' title='bbox 218 1147 280 1196; x_wconf 86' lang='lat' dir='ltr'>Esse</span> <span class='ocrx_word' id='word_1_71' title='bbox 290 1147 368 1196; x_wconf 80' lang='lat' dir='ltr'><strong>solent</strong></span> <span class='ocrx_word' id='word_1_72' title='bbox 379 1165 385 1196; x_wconf 74' lang='grc' dir='ltr'><strong><em>ε</em></strong></span> <span class='ocrx_word' id='word_1_73' title='bbox 402 1147 528 1211; x_wconf 69' lang='lat' dir='ltr'>qualemve</span> <span class='ocrx_word' id='word_1_74' title='bbox 539 1161 634 1208; x_wconf 86' lang='lat' dir='ltr'>sonum,</span> <span class='ocrx_word' id='word_1_75' title='bbox 645 1161 701 1194; x_wconf 86' lang='lat' dir='ltr'>oum</span> <span class='ocrx_word' id='word_1_76' title='bbox 711 1146 824 1210; x_wconf 86' lang='lat' dir='ltr'>Iuppiter</span> <span class='ocrx_word' id='word_1_77' title='bbox 833 1151 901 1195; x_wconf 76' lang='lat' dir='ltr'>etrus</span> 
     </span>
     <span class='ocr_line' id='line_1_12' title="bbox 218 1225 807 1290; baseline 0.003 -16"><span class='ocrx_word' id='word_1_78' title='bbox 218 1226 345 1290; x_wconf 83' lang='lat' dir='ltr'>Increpuit</span> <span class='ocrx_word' id='word_1_79' title='bbox 356 1227 441 1283; x_wconf 86' lang='lat' dir='ltr'>nubes,</span> <span class='ocrx_word' id='word_1_80' title='bbox 453 1235 564 1275; x_wconf 78' lang='lat' dir='ltr'>extreme</span> <span class='ocrx_word' id='word_1_81' title='bbox 574 1227 682 1276; x_wconf 80' lang='lat' dir='ltr'>tonitrus</span> <span class='ocrx_word' id='word_1_82' title='bbox 692 1225 807 1276; x_wconf 88' lang='lat' dir='ltr'>reddunt.</span> 
     </span>
     <span class='ocr_line' id='line_1_13' title="bbox 218 1304 895 1370; baseline 0.001 -16"><span class='ocrx_word' id='word_1_83' title='bbox 218 1306 296 1354; x_wconf 76' lang='lat' dir='ltr'>Atrio</span> <span class='ocrx_word' id='word_1_84' title='bbox 305 1306 379 1354; x_wconf 82' lang='lat' dir='ltr'>turbe</span> <span class='ocrx_word' id='word_1_85' title='bbox 389 1312 472 1355; x_wconf 77' lang='lat' dir='ltr'>tenet:</span> <span class='ocrx_word' id='word_1_86' title='bbox 490 1306 591 1354; x_wconf 86' lang='lat' dir='ltr'>veniunt</span> <span class='ocrx_word' id='word_1_87' title='bbox 600 1304 652 1354; x_wconf 84' lang='lat' dir='ltr'>leve</span> <span class='ocrx_word' id='word_1_88' title='bbox 663 1305 760 1370; x_wconf 76' lang='lat' dir='ltr'>vulgus,</span> <span class='ocrx_word' id='word_1_89' title='bbox 769 1311 877 1369; x_wconf 87' lang='lat' dir='ltr'>euntque</span> <span class='ocrx_word' id='word_1_90' title='bbox 889 1325 895 1356; x_wconf 75' lang='grc' dir='ltr'><strong>ι</strong></span> 
     </span>
     <span class='ocr_line' id='line_1_14' title="bbox 219 1386 877 1451; baseline 0.003 -18"><span class='ocrx_word' id='word_1_91' title='bbox 219 1386 349 1450; x_wconf 72' lang='lat' dir='ltr'>Mixtaque</span> <span class='ocrx_word' id='word_1_92' title='bbox 360 1401 416 1434; x_wconf 88' lang='lat' dir='ltr'>num</span> <span class='ocrx_word' id='word_1_93' title='bbox 426 1386 491 1434; x_wconf 86' lang='lat' dir='ltr'>veris</span> <span class='ocrx_word' id='word_1_94' title='bbox 500 1386 592 1449; x_wconf 77' lang='lat' dir='ltr'>passim</span> <span class='ocrx_word' id='word_1_95' title='bbox 602 1393 738 1434; x_wconf 80' lang='lat' dir='ltr'>oomments</span> <span class='ocrx_word' id='word_1_96' title='bbox 747 1392 877 1451; x_wconf 71' lang='lat' dir='ltr'>vagentur,</span> 
     </span>
     <span class='ocr_line' id='line_1_15' title="bbox 219 1465 811 1528; baseline 0 -14"><span class='ocrx_word' id='word_1_97' title='bbox 219 1466 291 1514; x_wconf 80' lang='lat' dir='ltr'>Miliu</span> <span class='ocrx_word' id='word_1_98' title='bbox 301 1481 436 1528; x_wconf 88' lang='lat' dir='ltr'>rumorum,</span> <span class='ocrx_word' id='word_1_99' title='bbox 447 1465 595 1528; x_wconf 83' lang='lat' dir='ltr'>oonfuseque</span> <span class='ocrx_word' id='word_1_100' title='bbox 606 1465 681 1514; x_wconf 81' lang='lat' dir='ltr'>verba</span> <span class='ocrx_word' id='word_1_101' title='bbox 692 1465 811 1516; x_wconf 80' lang='lat' dir='ltr'>volutent.</span> 
     </span>
     <span class='ocr_line' id='line_1_16' title="bbox 220 1545 844 1610; baseline 0.002 -16"><span class='ocrx_word' id='word_1_102' title='bbox 220 1547 243 1594; x_wconf 84' lang='lat' dir='ltr'><strong>E</strong></span> <span class='ocrx_word' id='word_1_103' title='bbox 254 1546 343 1610; x_wconf 90' lang='lat' dir='ltr'>quibus</span> <span class='ocrx_word' id='word_1_104' title='bbox 353 1545 380 1593; x_wconf 87' lang='lat' dir='ltr'>hi</span> <span class='ocrx_word' id='word_1_105' title='bbox 390 1559 480 1594; x_wconf 79' lang='lat' dir='ltr'>vseuus</span> <span class='ocrx_word' id='word_1_106' title='bbox 491 1545 593 1609; x_wconf 88' lang='lat' dir='ltr'>implent</span> <span class='ocrx_word' id='word_1_107' title='bbox 603 1546 755 1594; x_wconf 82' lang='lat' dir='ltr'>sermonibus</span> <span class='ocrx_word' id='word_1_108' title='bbox 765 1561 844 1605; x_wconf 77' lang='lat' dir='ltr'>eures,</span> 
     </span>
     <span class='ocr_line' id='line_1_17' title="bbox 219 1624 766 1689; baseline 0 -15"><span class='ocrx_word' id='word_1_109' title='bbox 219 1625 256 1674; x_wconf 91' lang='lat' dir='ltr'>Hi</span> <span class='ocrx_word' id='word_1_110' title='bbox 266 1631 368 1674; x_wconf 64' lang='lat' dir='ltr'>nauata</span> <span class='ocrx_word' id='word_1_111' title='bbox 380 1625 463 1673; x_wconf 81' lang='lat' dir='ltr'>ferunt</span> <span class='ocrx_word' id='word_1_112' title='bbox 474 1624 531 1686; x_wconf 79' lang='lat' dir='ltr'>ulio,</span> <span class='ocrx_word' id='word_1_113' title='bbox 543 1639 705 1689; x_wconf 72' lang='lat' dir='ltr'>mensuraque</span> <span class='ocrx_word' id='word_1_114' title='bbox 715 1625 766 1674; x_wconf 87' lang='lat' dir='ltr'>fieti</span> 
     </span>
     <span class='ocr_line' id='line_1_18' title="bbox 218 1703 842 1767; baseline 0.002 -12"><span class='ocrx_word' id='word_1_115' title='bbox 218 1706 325 1765; x_wconf 79' lang='lat' dir='ltr'>Crescit,</span> <span class='ocrx_word' id='word_1_116' title='bbox 336 1711 362 1753; x_wconf 95' lang='lat' dir='ltr'>et</span> <span class='ocrx_word' id='word_1_117' title='bbox 372 1704 463 1753; x_wconf 76' lang='lat' dir='ltr'>auditis</span> <span class='ocrx_word' id='word_1_118' title='bbox 473 1703 567 1767; x_wconf 76' lang='lat' dir='ltr'>aliquid</span> <span class='ocrx_word' id='word_1_119' title='bbox 577 1719 654 1754; x_wconf 86' lang='lat' dir='ltr'>novus</span> <span class='ocrx_word' id='word_1_120' title='bbox 664 1704 741 1753; x_wconf 81' lang='lat' dir='ltr'>sdioit</span> <span class='ocrx_word' id='word_1_121' title='bbox 750 1709 842 1756; x_wconf 79' lang='lat' dir='ltr'>auctor.</span> 
     </span>
     <span class='ocr_line' id='line_1_19' title="bbox 221 1784 743 1846; baseline -0.008 -10"><span class='ocrx_word' id='word_1_122' title='bbox 221 1786 277 1837; x_wconf 86' lang='lat' dir='ltr'>Illio</span> <span class='ocrx_word' id='word_1_123' title='bbox 287 1784 434 1844; x_wconf 81' lang='lat' dir='ltr'>Credulitas,</span> <span class='ocrx_word' id='word_1_124' title='bbox 442 1784 492 1833; x_wconf 83' lang='lat' dir='ltr'>illio</span> <span class='ocrx_word' id='word_1_125' title='bbox 502 1785 647 1834; x_wconf 76' lang='lat' dir='ltr'>temerarius</span> <span class='ocrx_word' id='word_1_126' title='bbox 657 1785 743 1846; x_wconf 80' lang='lat' dir='ltr'>Error,</span> 
     </span>
     <span class='ocr_line' id='line_1_20' title="bbox 219 1863 853 1930; baseline -0.002 -17"><span class='ocrx_word' id='word_1_127' title='bbox 219 1864 342 1930; x_wconf 70' lang='lat' dir='ltr'>Vanaque</span> <span class='ocrx_word' id='word_1_128' title='bbox 352 1863 459 1912; x_wconf 62' lang='lat' dir='ltr'>laetitia</span> <span class='ocrx_word' id='word_1_129' title='bbox 468 1869 514 1924; x_wconf 88' lang='lat' dir='ltr'>esi,</span> <span class='ocrx_word' id='word_1_130' title='bbox 525 1864 722 1928; x_wconf 81' lang='lat' dir='ltr'>oonsternetique</span> <span class='ocrx_word' id='word_1_131' title='bbox 732 1863 853 1925; x_wconf 81' lang='lat' dir='ltr'>Timores,</span> 
     </span>
     <span class='ocr_line' id='line_1_21' title="bbox 220 1942 825 2009; baseline -0.005 -14"><span class='ocrx_word' id='word_1_132' title='bbox 220 1943 361 2009; x_wconf 84' lang='lat' dir='ltr'>Seditioque</span> <span class='ocrx_word' id='word_1_133' title='bbox 371 1960 464 2006; x_wconf 88' lang='lat' dir='ltr'>reeens,</span> <span class='ocrx_word' id='word_1_134' title='bbox 475 1942 596 2007; x_wconf 88' lang='lat' dir='ltr'>dubioque</span> <span class='ocrx_word' id='word_1_135' title='bbox 606 1951 705 1994; x_wconf 82' lang='lat' dir='ltr'>suetore</span> <span class='ocrx_word' id='word_1_136' title='bbox 719 1943 825 1993; x_wconf 86' lang='lat' dir='ltr'>Susurri.</span> 
     </span>
     <span class='ocr_line' id='line_1_22' title="bbox 219 2022 813 2089; baseline -0.005 -16"><span class='ocrx_word' id='word_1_137' title='bbox 219 2024 278 2089; x_wconf 82' lang='lat' dir='ltr'>Ipse</span> <span class='ocrx_word' id='word_1_138' title='bbox 289 2025 348 2088; x_wconf 92' lang='lat' dir='ltr'>quid</span> <span class='ocrx_word' id='word_1_139' title='bbox 358 2026 385 2073; x_wconf 92' lang='lat' dir='ltr'>in</span> <span class='ocrx_word' id='word_1_140' title='bbox 395 2024 463 2074; x_wconf 83' lang='lat' dir='ltr'>eaelo</span> <span class='ocrx_word' id='word_1_141' title='bbox 474 2039 556 2072; x_wconf 86' lang='lat' dir='ltr'>rerum</span> <span class='ocrx_word' id='word_1_142' title='bbox 565 2022 701 2088; x_wconf 74' lang='lat' dir='ltr'>pelagoque</span> <span class='ocrx_word' id='word_1_143' title='bbox 711 2031 813 2087; x_wconf 82' lang='lat' dir='ltr'>geratur</span> 
     </span>
     <span class='ocr_line' id='line_1_23' title="bbox 219 2103 832 2168; baseline -0.002 -15"><span class='ocrx_word' id='word_1_144' title='bbox 219 2105 253 2155; x_wconf 82' lang='lat' dir='ltr'>Et</span> <span class='ocrx_word' id='word_1_145' title='bbox 262 2105 357 2167; x_wconf 85' lang='lat' dir='ltr'>tellure,</span> <span class='ocrx_word' id='word_1_146' title='bbox 369 2105 443 2164; x_wconf 82' lang='lat' dir='ltr'>ridet,</span> <span class='ocrx_word' id='word_1_147' title='bbox 453 2111 580 2168; x_wconf 85' lang='lat' dir='ltr'>totumque</span> <span class='ocrx_word' id='word_1_148' title='bbox 591 2103 694 2168; x_wconf 87' lang='lat' dir='ltr'>inquirit</span> <span class='ocrx_word' id='word_1_149' title='bbox 703 2103 729 2152; x_wconf 91' lang='lat' dir='ltr'>in</span> <span class='ocrx_word' id='word_1_150' title='bbox 740 2103 832 2152; x_wconf 83' lang='lat' dir='ltr'>orbern.</span> 
     </span>
    </p>

    <p class='ocr_par' dir='ltr' id='par_1_3' title="bbox 760 2184 874 2229">
     <span class='ocr_line' id='line_1_24' title="bbox 760 2184 874 2229; baseline -0.018 -1"><span class='ocrx_word' id='word_1_151' title='bbox 760 2195 783 2229; x_wconf 82' lang='lat' dir='ltr'>v.</span> <span class='ocrx_word' id='word_1_152' title='bbox 794 2184 874 2229; x_wconf 53' lang='lat'><strong>3⁹48.</strong></span> 
     </span>
    </p>
   </div>
   <div class='ocr_carea' id='block_1_3' title="bbox 476 2450 691 2568">
    <p class='ocr_par' dir='ltr' id='par_1_4' title="bbox 476 2450 691 2568">
     <span class='ocr_line' id='line_1_25' title="bbox 476 2450 691 2568; baseline -0.079 1"><span class='ocrx_word' id='word_1_153' title='bbox 476 2450 643 2568; x_wconf 50' lang='lat' dir='ltr'>asise</span> <span class='ocrx_word' id='word_1_154' title='bbox 690 2547 691 2552; x_wconf 11' lang='lat' dir='ltr'>s</span> 
     </span>
    </p>
   </div>
   <div class='ocr_carea' id='block_1_4' title="bbox 0 0 1060 3540">
    <p class='ocr_par' dir='ltr' id='par_1_5' title="bbox 0 0 1060 3540">
     <span class='ocr_line' id='line_1_26' title="bbox 0 0 1060 3540; baseline 0 0"><span class='ocrx_word' id='word_1_155' title='bbox 0 0 1060 3540; x_wconf 95' lang='lat' dir='ltr'> </span> 
     </span>
    </p>
   </div>
  </div>
 </body>
</html>
