2110 3540
399 367 562 410 metus.

437 598 527 634 chIx.

284 717 340 772 Tite
358 717 427 773 Man
440 723 493 774 and
505 723 546 774 tle
558 721 678 791 Dourey.

131 880 137 883 Ἰ
188 836 210 887 j*
553 845 648 880 verrem
662 847 718 880 eum
735 839 819 884 saneto

166 884 212 967 3:212
223 882 244 963 i
422 944 430 968 ‚

130 970 242 1035 *suffit
270 984 317 1034 Cui
328 1001 373 1050 pro
382 986 460 1035 salute
473 995 557 1036 votum
567 990 672 1039 debebat
682 1007 736 1056 sue,

158 1063 244 1112 Asello
255 1065 328 1114 iussit
338 1065 455 1130 reliquias
465 1069 522 1132 poni
533 1068 627 1119 hordei.

158 1142 226 1202 Ques
237 1153 382 1208 aspernatus
392 1147 432 1194 ille
444 1149 479 1195 sie
489 1147 584 1196 loeutus
594 1156 644 1200 est:

159 1222 241 1272 Tuum
252 1224 357 1274 libenter
367 1241 468 1290 prorsus
480 1235 620 1290 appeterem
630 1229 720 1286 eibum,

159 1302 223 1364 Nisi,
234 1305 277 1367 qui
287 1306 395 1353 nutritus
405 1305 447 1353 illo
456 1313 502 1368 est,
513 1308 638 1370 iugulatus
648 1308 719 1360 ieret.

191 1383 273 1432 Huius
284 1393 396 1448 respectu
407 1385 505 1433 fabulae
516 1386 657 1450 deterritus,

157 1461 326 1512 Periculosum
337 1479 433 1529 semper
444 1467 554 1528 reputavi
565 1465 669 1517 lucrum.

158 1542 207 1591 Sed
218 1543 287 1605 dieis,
298 1543 347 1603 Qui
357 1559 460 1608 rapuere
471 1545 577 1605 divitias,
589 1546 687 1597 habent.

157 1623 320 1674 Numeremus
331 1624 444 1688 agedum,
455 1626 497 1688 qui
509 1625 623 1688 deprensi
634 1628 764 1692 perierint:

157 1703 278 1754 Maiorem
288 1705 385 1753 turbam
396 1706 537 1769 punitorum
547 1708 693 1770 reperies,-

158 1782 248 1832 Peueis
260 1785 385 1834 temeritas
395 1792 433 1834 est
443 1785 515 1846 bono,
526 1787 609 1835 multis
619 1787 692 1837 mulo.
704 1777 707 1788 ⁸

721 1884 744 1918 v.
756 1885 788 1917 rr.

279 1973 312 2023 A.
335 1973 480 2023 PERSIUS
502 1973 662 2026 FLACCUS.

431 2093 507 2128 chx.

274 2196 381 2269 Semper
394 2200 552 2268 egoauditor
564 2205 676 2255 iunium?
701 2271 703 2280 y

147 2366 240 2493 [37³2.-
263 2409 300 2458 Te
311 2408 389 2474 Lupe,
397 2416 421 2458 te
432 2410 508 2468 Muci,
514 2418 539 2459 et
549 2412 683 2475 genuinum
694 2411 770 2476 fregit
778 2412 804 2462 in

179 2497 193 2529 f
216 2492 220 2505 ⁴
326 2489 384 2540 illis.

125 2567 204 2614 Omne
212 2540 281 2616 ver
287 2568 374 2615 vitium
384 2567 474 2616 ridenti
485 2568 587 2617 Flaccus
598 2571 675 2618 amieo

125 2645 225 2717 l'uugit,
236 2653 262 2695 et
271 2647 391 2696 admissus
401 2648 492 2696 circum
499 2648 640 2711 praeeerdie
650 2647 722 2709 ludit,

80 2731 83 2737 “
124 2723 234 2774 Callidus
245 2741 348 2776 excusso
356 2726 472 2792 populum
483 2727 630 2791 suspendere
640 2741 706 2778 ntae.

442 2821 461 2856 rt
