2070 3542
244 391 275 437 ⁹2
383 377 614 424 surnotoou
639 379 783 424 torius.

245 470 302 529 Qua
311 472 381 536 niger
410 479 518 523 umectat
528 473 643 523 flaventia
653 475 720 524 culta
730 474 862 536 Galaesus,

245 549 377 614 Corycium
388 552 477 601 vidisse
488 569 579 615 senem,
590 555 630 602 cui
640 569 719 617 pauca
729 554 811 603 relicti

246 628 337 692 Iugera
347 631 413 678 ruris
423 639 503 694 erent,
512 649 557 682 nee
568 633 658 682 fertilis
669 633 711 682 ilia
721 634 841 694 iuvencis,

246 707 298 756 Nec
309 711 391 773 pecori
402 720 541 778 opportuna
550 728 629 777 seges,
640 729 685 762 nec
694 712 823 762 commoda
833 712 935 762 Baccho.

246 788 294 836 Hic
303 804 388 837 rarum
398 797 480 839 tasneu
491 793 516 839 in
521 792 677 842 dumisholus
682 793 786 856 albaque
796 793 890 841 circum

246 867 311 918 Lilia
320 869 487 933 verbenasque
497 887 610 935 premens
620 887 767 936 vescumque
777 887 894 936 papaver,

246 947 342 1012 Regum
353 949 474 1012 aequabat
485 966 544 1014 opes
554 952 652 1013 ammis,
663 967 766 1016 seraque
777 959 904 1001 revertens

245 1029 324 1077 Nocte
334 1029 432 1077 domum
443 1030 548 1094 dapibus
557 1047 655 1082 mensas
664 1033 783 1082 onerebet
793 1033 915 1097 inemptis.

244 1108 344 1158 Primus
354 1124 411 1158 vere
421 1125 503 1158 rosam
513 1119 588 1176 atque
598 1119 717 1162 autumno
726 1127 829 1176 carpere
840 1127 920 1176 poma,

244 1189 343 1238 Etcum
356 1191 435 1239 tristis
445 1190 540 1255 hiemps
551 1193 685 1241 etiamnum
696 1192 790 1256 frigore
801 1207 863 1240 saxa

244 1268 379 1334 Rumperet
389 1278 414 1320 et
424 1270 503 1335 glacie
512 1287 600 1320 cursus
610 1271 719 1320 frenaret
729 1285 861 1335 aquarum,

243 1348 289 1396 Ille
299 1364 393 1398 comam
403 1350 484 1399 mollis
494 1352 543 1400 iam
553 1351 670 1401 tondebat
678 1351 814 1415 hyacinthi,

243 1430 372 1478 Aestatem
383 1431 532 1495 increpitans
542 1445 622 1480 seram
633 1431 803 1495 zephyrosque
811 1429 933 1479 morantis.

244 1508 312 1572 Ergo
322 1509 410 1573 apibus
424 1510 481 1559 fetis
492 1511 556 1558 idem
569 1518 644 1573 atque
654 1510 768 1557 examine
778 1507 857 1556 miilto

243 1587 342 1636 Primus
352 1589 478 1638 abundare
489 1597 515 1638 et
524 1590 664 1654 spumantia
673 1603 760 1653 cogere
770 1587 866 1650 pressis

243 1667 319 1716 Melle
330 1668 406 1732 favis3
424 1669 461 1716 illi
471 1669 538 1717 tiliae
547 1676 621 1734 atque
632 1669 756 1717 uberrima
766 1668 855 1732 pinus3

243 1741 357 1808 Quo'tque
368 1745 394 1792 in
404 1744 465 1793 flore
475 1761 538 1793 novo
548 1745 627 1809 pomis
638 1759 664 1792 ss
676 1743 766 1791 fertilis
777 1742 851 1791 arbos

243 1821 369 1886 Induerat,
382 1826 484 1874 totidem
494 1833 613 1875 autumno
623 1831 721 1873 mature
730 1823 837 1872 tenebat.

242 1901 288 1951 Ille
299 1905 374 1953 etiam
385 1920 453 1954 seras
463 1907 490 1954 in
499 1921 598 1955 versum
608 1904 705 1954 distulit
712 1903 792 1952 ulmos

242 1983 400 2050 Eduramque
410 1987 492 2050 pirum
503 1993 528 2035 et
540 1987 623 2051 spinos
634 1986 684 2034 iam
694 1999 776 2048 pruna
785 1983 887 2034 ferentis

241 2061 344 2128 Iamque
351 2066 533 2132 ministrantem
539 2065 667 2130 platanum
674 2063 818 2130 potantibus
826 2063 933 2112 umbras.

747 2158 770 2192 v.
784 2147 899 2193 lle-146.

240 2695 486 2842 Obsewgqtlwgqe
497 2775 612 2826 incolumi
622 2791 690 2825 mens
701 2774 815 2824 omnibns
822 2780 930 2840 uneest3
