2070 3542
212 404 248 446 86
347 395 578 440 Aurflotouu
605 395 748 441 mm.

211 490 266 537 Aut
276 488 402 536 coniurato
414 489 561 537 descendens
574 489 658 538 Decus
668 490 699 538 sb
711 489 812 552 Histro3
897 482 900 492 ’

212 567 268 616 Non
280 583 319 616 res
331 568 456 616 Romam
467 569 625 634 perituraque
636 585 730 634 regnu3
747 584 827 633 neque
837 567 877 617 ille

211 649 266 696 Aut
276 648 354 696 doluit
364 649 484 696 miserens
495 649 592 712 inopem
612 657 656 698 ent
666 650 752 698 invidit
762 649 869 698 habenti.

212 727 281 786 Quos
292 727 355 776 rami
366 727 471 789 fructus,
483 744 544 790 quos
555 730 609 793 ipsa
619 729 726 778 volentis
736 745 795 778 rurs

194 819 198 828 '
213 806 304 870 Sponte
314 807 393 855 tulere
404 823 457 867 sua,
468 809 568 870 carpsit,
594 825 639 857 neo
650 809 731 857 ferrea
741 811 797 858 ium

211 887 378 950 Insanumque
390 889 471 936 forum
482 896 526 936 sut
536 888 620 952 popuii
630 889 752 937 tabularis
762 889 831 939 vidit.

214 966 352 1017 Sollicitsnt
362 968 405 1016 alii
415 969 489 1016 remis
500 969 565 1016 frete
575 984 656 1029 oseca,
667 977 791 1033 ruuntque

211 1046 242 1094 In
253 1048 355 1106 ferrum,
365 1055 495 1112 penetrent
506 1049 575 1096 sulas
585 1055 611 1096 et
621 1049 705 1096 limina
715 1064 817 1113 regum3

213 1131 262 1179 Hic
273 1131 335 1194 petit
345 1129 459 1178 exscidiis
470 1130 555 1177 urbem
569 1131 719 1193 miserosque
736 1132 840 1192 penatis,

213 1209 250 1258 Ut
261 1226 358 1274 gemme
368 1210 436 1259 bibat
447 1218 473 1259 et
486 1209 594 1259 Sarrano
604 1210 709 1258 dormiat
720 1219 801 1274 ostro;

213 1289 303 1339 Condit
313 1306 371 1354 opes
382 1291 453 1348 alius,
465 1291 610 1353 defossoque
620 1289 719 1338 incubet
730 1305 806 1354 suro3

213 1370 262 1418 Hic
268 1377 349 1434 stupet
359 1373 480 1419 attonitus
496 1372 598 1439 rostris3
616 1370 681 1418 huno
689 1371 788 1434 plausus
795 1369 903 1419 hiantem

213 1450 264 1498 Per
274 1465 364 1499 euneos
375 1452 515 1514 geminatus
526 1451 591 1498 enim
603 1450 730 1514 plebisque
740 1457 886 1514 petrumque

214 1529 340 1594 Corripuit
346 1546 354 1594 3
371 1530 480 1594 gaudent
491 1529 585 1595 perfusi
596 1530 716 1594 sanguine
727 1529 842 1591 fratrum,

214 1609 357 1671 Exsilioqus
369 1609 453 1657 domos
464 1617 490 1657 et
501 1609 582 1658 duleis
592 1608 678 1656 limine
687 1614 793 1668 mutent,

213 1689 299 1750 Atque
310 1688 358 1736 elio
369 1690 475 1752 petrium
486 1696 609 1754 quaerunt
619 1689 664 1736 sub
676 1688 725 1736 sole
735 1689 861 1736 iacentem.

213 1767 332 1832 Agricola
343 1769 444 1818 incurvo
455 1775 546 1818 terrum
559 1769 661 1818 dimovit
672 1775 771 1818 aratro:

215 1847 280 1895 Hine
290 1849 349 1896 enni
361 1849 437 1906 labor,
447 1849 505 1898 hino
516 1850 623 1913 petriam
633 1863 770 1912 parvosque
787 1849 890 1912 ponetis·
906 1861 909 1867 ·

216 1927 334 1990 Sustinet,
346 1928 403 1978 hino
414 1937 526 1978 armentu
536 1929 610 1978 boum
622 1929 769 1992 meritosque
782 1929 905 1977 iuvencos.

215 2005 268 2055 Neo
279 2009 376 2071 requies
397 2011 456 2073 quin
467 2017 510 2057 sut
520 2009 599 2073 pomis
609 2008 728 2056 exuberet
738 2023 825 2070 annus,

214 2088 269 2136 Aut
283 2089 335 2137 fetu
346 2104 470 2152 pecorum,
482 2096 525 2137 sut
537 2087 645 2138 Cerealis
655 2089 759 2152 mergite
767 2087 851 2149 culmi,

214 2166 388 2231 Proventnque
398 2176 484 2217 oneret
495 2168 575 2217 sulcos
586 2175 661 2230 utque
671 2167 761 2216 horres
770 2168 860 2217 vineat.

215 2245 293 2294 Venit
303 2245 408 2310 hiemps3
418 2248 507 2296 teritur
519 2245 634 2310 Sicyonis
644 2246 705 2294 baon
715 2247 827 2310 trapetis,

216 2323 311 2374 Glande
323 2339 378 2372 sues
388 2325 447 2373 laeti
458 2325 569 2385 redeunt,
580 2324 640 2372 dent
649 2324 738 2372 arbuta
749 2323 840 2389 silvse3

214 2403 248 2451 Et
259 2403 339 2451 varios
349 2404 417 2466 ponit
427 2403 492 2451 fetus
503 2411 645 2465 autumnus,
656 2410 682 2451 st
691 2399 740 2451 site

215 2483 286 2531 Mitis
296 2483 321 2530 in
332 2483 423 2546 spriois
433 2485 547 2547 coquitur
558 2483 681 2552 vindernin
692 2483 764 2532 saxis.

214 2562 314 2611 Interes
324 2562 406 2610 dulces
417 2563 523 2626 pendent
533 2564 625 2612 circum
635 2562 719 2611 oscula
729 2562 791 2621 neti,

215 2637 290 2687 Costa
300 2638 442 2702 pudioitiem
453 2646 535 2687 servat
545 2639 640 2700 domus,
652 2638 728 2686 ubera
738 2651 826 2686 raeces

214 2717 305 2767 Μοῖρα
316 2719 455 2777 demittunt,
466 2719 619 2783 pinguesque
631 2720 657 2767 in
668 2719 781 2783 gramine
792 2717 857 2767 laeto

214 2797 285 2846 Inter
295 2814 320 2848 se
332 2799 440 2848 adversis
450 2799 576 2847 luctantur
585 2799 700 2848 cornibus
710 2798 790 2848 haedi
