2110 3540
242 413 287 458 230
386 393 615 438 Auruotourr
636 395 778 438 usurus.

239 490 277 539 Ne
288 488 360 538 refer.
392 489 489 553 Aspsxi
499 503 548 537 uon
558 488 599 537 illo
609 495 706 553 pectore
717 488 792 554 digus

271 568 388 629 Volnera,
400 567 533 617 Tartareas
544 582 619 616 susus
629 567 697 616 edire
708 567 799 616 domos.

237 650 276 698 At
287 654 322 710 tu,
334 664 377 697 seu
387 649 451 696 rutio
459 654 483 696 te
494 648 584 697 nostris
595 647 689 713 appulit
700 648 759 709 oris,

269 723 325 772 Sive
335 723 403 780 deus,
415 725 486 787 regni
494 723 620 772 commodo
630 739 703 788 carpe
713 723 768 771 mei.

238 803 319 851 Mults
329 803 374 851 tibi
383 817 510 863 memores,
521 802 557 850 nil
565 817 615 851 nou
625 802 740 850 debemus
750 801 851 852 Elissae.

270 883 375 931 Nomine
386 891 458 945 grets
468 890 519 943 tuo,
530 889 603 947 gratu
613 883 712 944 sororis,
720 882 789 931 eris.’

238 962 308 1011 Tulie
318 962 525 1026 dicenti-neque
536 964 601 1010 enim
611 977 667 1026 spos
677 962 756 1011 alters
765 967 873 1011 restat-

268 1041 387 1098 Credidit,
397 1057 493 1091 errores
503 1043 666 1106 exposuitque
677 1057 740 1090 suos.

238 1123 322 1186 thue
333 1123 431 1171 domum
442 1123 543 1171 introvit
553 1120 644 1186 Tyrios
655 1122 741 1171 indute
752 1129 861 1186 perotus,

267 1203 357 1266 Incipit
367 1203 480 1251 Aeneas:
496 1209 577 1250 cetere
588 1201 660 1250 turbs
670 1201 733 1250 silet.

236 1283 324 1330 ‘Hunc
334 1282 380 1331 tibi
390 1295 435 1329 cur
445 1280 550 1342 mudum,
558 1281 599 1345 pie
608 1296 690 1342 ceusu,
701 1280 804 1330 Invidia
809 1282 924 1344 coniunx,

267 1361 313 1410 Est
322 1361 382 1409 mihi
394 1379 400 1409 ι
416 1361 554 1424 consumpsi
564 1359 698 1424 usust-ugus
709 1360 781 1408 huius
792 1376 858 1425 opes.

236 1441 298 1490 Ortu
309 1441 377 1506 Tyro
388 1447 434 1500 est,
444 1455 546 1504 regnum
558 1439 653 1504 Libyes
663 1440 770 1504 possedit
779 1441 805 1488 in
815 1456 874 1490 ors:

268 1519 348 1579 Quum
356 1535 443 1584 precor
453 1526 483 1567 ut
492 1534 564 1567 curse
573 1533 641 1567 more
652 1521 741 1568 sororis
751 1521 833 1568 umes!

236 1599 324 1649 Omnis
332 1600 462 1662 promittit,
473 1598 611 1663 fultumque
622 1597 727 1647 Lavinis
737 1599 825 1649 vulnus

266 1678 351 1726 Mente
360 1679 451 1742 premit
460 1679 542 1734 tacita,
553 1677 736 1742 dissimulatque
747 1679 859 1730 fremens.

235 1761 355 1822 Musque
366 1773 422 1806 cum
431 1757 513 1806 videet
522 1765 620 1821 praeter
631 1773 676 1807 suu
684 1758 777 1807 lumina
788 1759 848 1807 icrri

266 1839 349 1886 Mults
358 1838 449 1902 pulum,
460 1838 524 1885 mitti
536 1838 600 1886 clem
611 1853 706 1901 quoquc
717 1837 795 1886 mults
801 1845 880 1902 putat.

235 1917 291 1966 Nou
302 1917 376 1966 habet
386 1924 509 1978 exactum,
520 1917 580 1980 quid
590 1923 655 1981 ugst.
688 1916 821 1965 Furislitcr
831 1916 891 1978 odit,

266 1997 299 2045 Et
309 2004 382 2062 peret
391 1997 500 2057 insidias,
511 2005 536 2045 et
546 1997 614 2061 cupit
624 1995 677 2044 ulte
685 1996 754 2044 mori.

235 2076 293 2125 Nox
302 2083 364 2126 erut.
399 2076 466 2124 Ante
477 2083 558 2124 torum
569 2076 621 2123 viss
631 2082 669 2123 est
678 2075 775 2123 odstere
786 2075 875 2124 sororis

268 2155 394 2220 Squsienti
405 2155 470 2204 Dido
481 2155 667 2220 sanguinolento
676 2169 754 2216 coms,

234 2235 268 2284 Et
275 2237 282 2262 ‘
289 2234 706 2298 Fuge,uedubits,meestum,fuge’
714 2234 924 2285 dicere‘tectum.’

267 2314 318 2361 Sub
328 2313 428 2362 verbum
439 2314 554 2378 querulus
567 2313 665 2378 impulit
674 2329 735 2362 sure
746 2313 816 2362 iores

234 2392 321 2452 Exilii,
332 2399 357 2439 et
367 2392 439 2440 velox
450 2391 537 2440 humili
549 2408 623 2456 super
633 2408 693 2441 orvs
703 2394 811 2441 fenestra

267 2469 299 2518 Sc
310 2470 368 2518 iacit
379 2488 386 2518 ε
402 2468 519 2518 uudscem
530 2470 622 2519 iecerat
632 2470 684 2534 ipse
694 2470 776 2520 timor.

234 2549 338 2614 Quoque
347 2557 414 2598 metu
423 2550 527 2613 rapitur,
538 2551 621 2598 tunice
630 2549 711 2597 volate
721 2551 828 2600 recincta

266 2629 360 2690 Currit,
370 2635 400 2677 ut
409 2627 500 2677 auditis
511 2630 599 2678 territe
610 2628 682 2678 dumo
691 2629 761 2694 lupis.

233 2707 353 2773 Corniger
362 2707 425 2756 benc
435 2707 529 2772 cupidis
537 2709 648 2771 rapuisse
659 2707 786 2759 Numicius
794 2709 866 2760 undis

265 2788 388 2850 Creditur,
398 2795 424 2837 st
434 2789 529 2853 stagnis
538 2788 672 2837 occuluisse
683 2789 741 2839 suis.
