2070 3542
242 362 286 406 114
384 338 615 384 ANTHOLOGIA
643 336 786 380 terrm.

530 486 643 522 mxu.

451 575 499 626 lte
516 577 599 630 Getes
611 575 648 643 of
656 573 730 626 Hell.

249 790 255 815 )
279 719 323 827 ilis<
422 743 530 806 braeque
541 743 650 803 silentes,

251 815 273 854 “-
291 808 353 863 4¹5,
374 821 408 870 Et
428 819 510 870 Chaos
539 829 565 870 et
586 820 749 886 Phlegethon,
770 820 825 870 1008
847 830 919 872 noeto

331 901 437 949 tacentia
447 901 504 959 lete,

237 977 275 1028 Sit
284 980 345 1028 mihi
353 981 391 1030 fes
401 981 486 1030 audita
497 968 580 1046 loqqi3
598 983 631 1030 sit
640 981 740 1029 numine
750 987 832 1030 vestro

235 1057 347 1109 Pandere
355 1077 395 1111 res
406 1061 457 1110 alta
468 1069 535 1110 terra
546 1069 572 1110 et
581 1060 686 1125 ealigine
696 1076 796 1108 mersas

267 1139 341 1189 lbent
350 1141 448 1190 obscuri
458 1140 510 1190 sole
521 1141 566 1190 sub
576 1149 647 1189 nocte
656 1155 700 1203 per
710 1140 823 1188 umbram

235 1218 331 1283 Perque
342 1220 426 1270 domos
437 1221 505 1270 Ditis
515 1236 605 1269 vacuas
615 1228 640 1269 et
651 1220 734 1267 inania
745 1235 837 1284 regne:

234 1296 313 1356 Quale
323 1312 367 1361 per
378 1299 497 1346 incertum
507 1296 591 1344 lunam
602 1296 647 1344 sub
657 1295 711 1344 luee
722 1296 830 1360 maligne

234 1378 279 1425 Est
289 1367 337 1426 iter
346 1378 372 1424 in
383 1377 459 1438 silvis,
470 1377 513 1425 ubi
524 1377 618 1425 eaelum
628 1375 738 1424 condidit
748 1375 835 1423 umbra

233 1457 345 1521 Iuppiter
364 1465 389 1504 et
399 1456 474 1504 rebus
484 1471 535 1505 nox
545 1455 648 1504 abstulit
659 1463 714 1504 atra
723 1455 836 1506 colorem.

232 1535 390 1584 Vestibulum
401 1543 458 1584 ante
470 1537 549 1600 ipsum
560 1537 696 1600 primisque
706 1537 732 1583 in
742 1535 854 1585 faucibus
865 1535 927 1586 Orci
1026 1593 1027 1606 i

231 1615 324 1662 Luctus
334 1622 360 1662 et
370 1615 468 1662 ultriees
478 1630 581 1679 posuere
592 1615 683 1664 cubilia
693 1613 786 1675 Curae,-
1026 1653 1027 1690 q

230 1693 402 1756 Pallentesque
411 1693 524 1742 habitant
534 1693 625 1756 Morbi,
637 1696 765 1758 tristisque
776 1693 905 1755 Senectus,

231 1773 264 1820 Et
274 1772 357 1822 Metus
373 1781 399 1822 et
408 1773 548 1822 malesuada
560 1773 649 1823 Fames
667 1790 696 1822 ae
707 1777 786 1838 turpis
797 1774 913 1839 Egestas,

231 1851 363 1902 Terribiles
373 1853 428 1902 risu
438 1853 540 1914 formae,
550 1852 688 1916 Ietumque
706 1852 850 1916 Labosqu03

230 1931 295 1979 'l'um
305 1935 499 1998 eousanguineus
506 1933 563 1982 Leti
575 1932 653 1998 Sopor
672 1941 698 1981 et
708 1933 774 1982 mala
783 1934 875 1981 mentis

230 2013 329 2064 Gaudia
347 2016 550 2080 mortiferumque
561 2015 663 2064 adverso
673 2017 700 2064 in
709 2014 793 2064 limine
804 2014 912 2074 Bellum,

229 2093 362 2159 Fen-eique
368 2095 531 2144 Eumenidum
538 2094 922 2158 thelemietniscordiademens.

230 2169 365 2234 Vipereum
376 2174 468 2220 crinem
479 2173 547 2221 vittis
557 2172 650 2220 innexa
660 2171 778 2220 eruentis.

567 2330 610 2367 xe.

346 2424 420 2478 Dide
434 2427 513 2480 stum
526 2429 567 2482 tlte
579 2429 651 2498 right
662 2430 698 2498 of
706 2431 816 2484 AEneas.
