2098 3546
234 381 281 428 272
378 365 610 410 ANTHOLOGIA
635 367 779 411 LATINA.

234 461 357 526 Prodigus
366 468 391 510 et
402 468 466 510 totos
476 461 567 511 Melior
577 461 722 511 suooentlere
732 475 829 521 oeneus,

232 542 352 590 Desertes
365 556 455 590 exosus
464 557 522 606 opes
532 562 539 606 ;
557 542 600 591 sed
609 557 659 591 non
669 543 736 607 oepit
746 543 812 608 ignis

232 620 345 682 Invidus,
355 628 431 684 utque
442 628 524 670 eretee
535 621 624 670 desunt
633 624 659 670 in
669 637 772 671 munere
781 622 901 671 flemmue.

233 701 329 750 Horror
339 701 414 750 hebet
424 716 516 750 sensus.
550 700 655 761 Qualem
665 710 690 751 te
700 702 787 751 funere
798 717 893 751 summo

231 780 318 843 Atque
327 795 416 844 rogum
425 780 506 841 iuxta,
517 779 608 829 Melior
617 780 781 845 placidissime
791 780 922 845 quendem,
1028 749 1029 788 l

231 861 359 910 Extimni!
377 866 436 909 tune
445 859 487 908 ille
497 860 583 909 hilaris
593 861 717 924 eomisque
728 860 827 909 videri?

231 942 305 992 Unde
316 945 391 993 enimi
401 958 536 1006 saevaeque
548 958 644 1004 monus,
653 951 679 992 et
689 943 810 992 barbarus
820 943 925 993 horror?

232 1022 272 1073 Tu
282 1023 354 1072 modo
363 1023 434 1072 fusus
444 1022 514 1071 humi
523 1023 602 1072 lucem
612 1025 732 1072 eversoris
743 1024 853 1088 iniquam
862 1043 869 1090 ς

232 1103 306 1153 Nune
316 1111 401 1153 torvus
412 1104 506 1169 pariter
514 1111 594 1152 vestes
604 1109 630 1152 et
640 1111 740 1168 pectore
750 1105 852 1168 rumpis,
894 1120 897 1126 ·

231 1185 389 1249 Dilectosque
399 1185 491 1249 premis
501 1185 576 1242 visus,
588 1190 613 1233 et
623 1183 715 1248 frigide
723 1184 812 1237 lembis
857 1207 859 1212 ·

233 1263 330 1315 Oscula„
363 1265 443 1314 Erunt
453 1265 502 1314 illic
512 1266 610 1329 genitor
620 1270 748 1328 materque
758 1264 858 1313 ieoentis

232 1345 345 1413 Maesto3
361 1346 404 1396 sed
414 1346 512 1395 ettoniti
523 1351 548 1394 te
559 1351 699 1409 spectavere
710 1351 831 1408 parentes

740 1441 762 1474 v.
778 1429 892 1475 itt-165.

333 1524 348 1552 ss
430 1530 442 1539 '¹
556 1522 571 1550 1
670 1524 684 1551 0
781 1526 793 1552 t

264 1585 330 1646 Quid
340 1586 400 1634 mihi
410 1525 527 1650 geildenti
537 1585 619 1648 proles
629 1585 743 1650 Cyllenie
753 1587 824 1650 virge

233 1666 358 1716 Nuntiat?
391 1666 468 1714 Estne
484 1664 578 1729 aliquid
594 1673 645 1714 tem
662 1681 734 1716 suevo
750 1667 777 1715 in
792 1673 902 1732 tempore

326 1745 438 1794 laetum?

231 1828 239 1854 ‘
251 1825 361 1875 Noverat
371 1826 475 1889 effigiem
486 1826 648 1890 generosique
659 1826 736 1875 ardue
744 1825 825 1876 Blaesi

232 1906 283 1957 Ore
293 1921 364 1971 puer,
375 1906 434 1954 dum
446 1921 519 1970 saepe
529 1906 596 1956 domi
607 1922 670 1955 nove
680 1914 746 1956 serto
755 1907 874 1973 ligantem

231 1985 268 2035 Te
278 1986 345 2035 videt
355 1992 381 2034 et
392 1985 483 2036 similes
493 1995 631 2050 tergentem
642 1994 741 2051 pectore
751 2003 828 2038 eures

231 2067 305 2116 Hune
317 2067 359 2116 ubi
369 2066 472 2115 Lethaei
483 2067 628 2116 lustrantem
639 2067 746 2132 gurgitis
755 2082 812 2116 ores

230 2146 356 2196 Ausonios
366 2148 431 2196 inter
442 2162 555 2211 proceres
566 2149 702 2211 seriemque
714 2146 813 2207 Quirini

229 2228 348 2292 Agnovit,
358 2227 443 2276 timide
453 2229 560 2290 primum
570 2229 677 2292 vestigia
686 2228 767 2292 iungit

230 2307 340 2356 Aooessu
350 2310 425 2356 tnoito
437 2322 593 2370 summosque
603 2307 700 2356 laeessit
711 2308 824 2367 amiotus,

229 2387 291 2437 Inde
300 2388 380 2452 magis
391 2389 519 2450 sequitur3
537 2402 616 2451 neque
631 2389 696 2436 enim
710 2388 790 2452 magis
804 2387 846 2436 ille
855 2393 904 2437 tre·

325 2467 424 2516 hentem

229 2547 329 2614 Spernit
339 2555 364 2596 et
375 2549 460 2612 ignote
471 2547 549 2596 eredit
560 2547 590 2594 de
602 2548 678 2611 stirpe
688 2552 812 2611 nepotum.

229 2628 292 2677 Mox
302 2628 344 2677 ubi
355 2628 454 2676 delicies
465 2635 490 2676 et
501 2628 552 2674 reri
562 2627 652 2692 pignus
664 2628 736 2676 emioi
777 2635 779 2640 '

229 2707 312 2757 Sensit
322 2717 347 2755 et
356 2708 440 2755 emissi
449 2722 552 2771 puerum
564 2704 652 2756 soletis
661 2705 752 2768 Blaesi,

229 2787 305 2836 Tollit
315 2787 389 2836 humo
399 2801 536 2852 magnaque
546 2785 609 2850 liget
618 2787 712 2835 nervios
722 2785 813 2850 dinque
