2098 3546
229 391 274 445 278
371 387 602 433 multotum
629 391 773 436 amm.

291 477 324 526 Et
335 478 412 530 dixit:
431 480 515 531 ‘Puer
526 499 541 530 o
552 483 631 533 dicate
642 484 731 547 Musis,

291 558 434 624 huguerus
443 563 492 611 cito
503 565 636 614 transiture
647 573 723 627 vates,

291 638 348 687 Non
360 648 387 689 tu
398 641 508 703 flumina,
520 659 564 692 neo
574 661 663 709 greges
674 645 791 708 ferarum,

292 718 344 768 Neo
355 719 448 783 plectro
460 721 560 771 Getieas
570 724 678 774 movebis
689 740 771 783 ornos,

292 798 340 847 Sed
351 809 444 864 septem
456 803 525 866 iuga,
536 804 706 869 Martiumque
717 805 822 868 Tibrim,

290 881 323 929 Et
334 880 417 930 doctos
428 883 522 945 equites
533 892 558 932 et
568 883 696 948 eloquente

290 960 372 1010 Contu
383 977 534 1026 purpureum
546 964 630 1015 trahes
641 973 758 1015 senatum

651 1058 674 1092 v.
688 1047 735 1092 l·4.
767 1059 790 1094 v.
804 1047 887 1096 rte-47.

323 1136 337 1163 ff
444 1139 458 1162 Ι
565 1138 579 1166 0
687 1142 702 1169 0
808 1144 823 1172 l

291 1197 353 1247 Mox
362 1207 448 1264 arrepta
457 1202 600 1264 generosior
609 1202 709 1252 iuventa

290 1278 370 1328 Albos
381 1281 476 1330 ossibus
485 1281 557 1330 Italis
567 1282 696 1348 Philippos

290 1359 324 1409 Et
334 1359 477 1410 Pharsalioa
488 1362 553 1411 bella
562 1363 698 1426 detonabis,

291 1437 364 1498 Quod
375 1440 468 1488 fulmen
478 1441 548 1491 ducis
559 1443 623 1492 inter
633 1458 703 1492 arma
713 1444 771 1508 divi,

288 1517 415 1569 Libertate
426 1537 527 1585 gravem
538 1524 580 1586 pia
590 1523 719 1587 Catonem,

290 1598 324 1647 Et
334 1606 433 1663 gratum
444 1601 608 1665 popularitate
620 1603 748 1668 Magnum.

293 1676 332 1726 Tu
343 1677 466 1728 Pelusiaci
478 1681 557 1730 scelus
569 1683 664 1748 Canopi

292 1757 402 1808 Deflebis
412 1761 468 1825 pius
479 1768 505 1809 et
515 1762 599 1812 Pharo
609 1771 712 1813 eruenta

289 1839 407 1904 Pompeio
417 1841 487 1890 dabis
497 1841 572 1893 altius
582 1845 728 1909 sepulerum.

322 1920 408 1970 ‘Haeo
419 1924 499 1987 primo
510 1925 604 1973 iuvenis
614 1940 688 1974 eones
699 1926 745 1975 sub
754 1941 815 1976 aevo

289 2000 358 2051 Ante
368 2018 445 2052 annos
455 2003 539 2052 aulicis
550 2004 695 2054 Maroniani

289 2080 366 2132 Cedet
376 2082 452 2133 Musa
462 2084 531 2151 rudis
540 2085 628 2134 ferocis
638 2085 705 2134 Enni

289 2160 323 2209 Et
332 2161 397 2210 docti
408 2162 477 2211 furor
487 2163 578 2212 arduus
590 2164 696 2226 Lucreti,

288 2240 323 2290 Et
333 2243 375 2304 qui
386 2257 431 2306 per
438 2243 502 2292 freta
512 2243 585 2293 duxit
597 2247 764 2309 Argonautas,

289 2319 323 2368 Et
333 2322 376 2383 qui
387 2337 490 2386 corpora
499 2324 581 2387 prima
590 2324 759 2389 transfigurat

289 2397 357 2458 Quid
368 2402 447 2450 maius
457 2401 565 2466 loquor?
598 2404 656 2468 lpsa
666 2411 691 2453 ts
701 2403 796 2454 Latinis

288 2479 381 2530 Aeneis
390 2482 548 2531 venerabitur
558 2492 691 2533 canentem

701 2579 725 2613 v.
740 2567 820 2612 64·80.

322 2657 336 2685 0
444 2657 458 2684 1
567 2660 581 2688 0
687 2660 701 2689 1
807 2659 821 2689 0

321 2719 360 2770 ‘0
371 2735 457 2769 saevae
467 2722 571 2771 nimium
581 2738 717 2787 gravesque
729 2722 835 2772 Pareae!

289 2797 312 2848 O
323 2813 458 2865 numquam
469 2800 528 2850 data
535 2801 587 2851 lata
597 2802 672 2868 longa
683 2803 797 2852 summis!
