2070 3542
362 364 561 408 venerarer.
778 368 808 426 87

116 459 178 524 Ipse
185 457 239 507 dies
250 459 330 522 agitat
341 458 424 520 festos,
436 460 554 522 fususque
565 472 610 522 per
619 457 731 517 herbam,

119 537 190 602 ignia
200 537 245 586 ubi
254 539 280 586 in
291 537 372 586 medio
382 545 407 586 et
418 539 476 586 socii
485 545 582 586 cratera
591 545 717 596 coronant,

119 616 165 679 Te,
176 617 265 673 libans,
275 615 381 678 Lenaee,
392 625 470 674 vocat,
481 619 625 681 pecorisque
636 616 762 680 magistris

118 695 221 744 Velocis
232 695 306 742 iaculi
316 696 451 742 certamina
461 697 530 758 ponit
541 697 567 743 in
578 695 652 754 ulmo,

121 775 282 838 corporaque
293 775 387 839 agresti
397 774 491 822 nudant
501 774 625 838 praedura
635 774 779 838 palaestrae.

120 854 193 902 Hanc
204 853 261 902 olim
272 861 369 901 veteres
380 853 456 902 vitam
466 853 562 902 coluere
575 852 669 913 Sabini,

119 934 192 983 Hunc
203 934 295 984 Remus
305 941 332 982 et
344 933 430 992 frater,
441 935 476 982 sie
488 933 560 982 fortis
572 933 674 982 Etruria
684 934 766 982 crevit.

119 1012 218 1064 Scilicet
228 1020 254 1061 et
264 1028 347 1060 rerum
358 1012 424 1060 facta
433 1020 471 1060 est
482 1012 647 1075 pulcherrima
657 1013 745 1073 Roma,

120 1092 269 1157 Septemque
279 1107 329 1140 una
340 1092 387 1140 sibi
397 1107 469 1139 muro
478 1092 639 1140 circumdedit
650 1107 725 1140 arces.

118 1174 187 1220 Ante
197 1174 274 1221 etiam
286 1179 408 1236 sceptrum
419 1172 516 1219 Dictaei
528 1173 594 1234 regis
614 1178 639 1218 et
649 1177 706 1220 aute
788 1225 790 1230 ¹

119 1251 199 1316 Impia
210 1267 286 1314 quam
297 1250 374 1299 caesis
385 1267 444 1315 gens
454 1257 492 1298 est
503 1250 603 1314 epulata
614 1251 729 1312 iuuencis,

118 1332 220 1381 Aureus
228 1331 294 1383 hanc
304 1331 378 1379 vitam
391 1333 417 1380 iu
427 1332 500 1379 terris
512 1329 634 1379 Saturnus
645 1331 747 1395 agebat:

119 1411 230 1460 Necdum
242 1412 316 1459 etiam
328 1411 455 1459 audierant
465 1411 547 1459 inflari
557 1410 666 1472 classice,
676 1411 779 1460 necdum

113 1488 244 1556 Impesitcs
255 1491 325 1539 duris
336 1493 455 1555 crepitare
466 1491 595 1540 incudibus
605 1507 682 1541 enses.
745 1511 749 1518 ·

630 1587 652 1620 v.
664 1575 778 1621 ess-540.

428 1673 501 1711 LXXI.

318 1744 471 1832 ueo'rgeon
511 1759 572 1816 nib.
585 1759 621 1815 ni.

398 1876 531 1923 Exordium

128 1976 136 1982 '
158 1980 191 2051 ᾖ
225 1968 233 2021 ,ζ
246 1977 268 2024 Ε
280 1991 386 2039 quoque,
393 1992 482 2041 magna
492 1976 573 2039 Pales,
584 1984 609 2026 et
619 1983 644 2025 te
655 1977 810 2026 memorande

141 2050 238 2129 1⁷5<
310 2071 424 2105 canemus

127 2119 177 2203 ᾗῇ,
190 2124 229 2201 (ἦ,
263 2135 353 2184 Pastor
363 2136 395 2184 ab
405 2136 559 2202 Amphryso,
570 2137 706 2200 vcs‚si1vae
717 2154 810 2187 amnes·

314 2231 362 2280 que
373 2216 471 2280 Lycaei.

121 2298 218 2358 Cetera,
230 2311 295 2360 quae
306 2311 395 2344 vacuas
405 2297 540 2346 tenuissent
550 2299 656 2346 carmine
666 2305 769 2356 mentes,

122 2379 211 2428 Omnia
222 2378 272 2426 iam
283 2376 394 2440 volgata:
410 2377 465 2439 quis
477 2384 520 2425 aut
530 2377 671 2442 Eurysthea
681 2378 780 2441 durum,

119 2458 175 2508 aut
185 2455 307 2505 inlaudati
318 2457 396 2504 nescit
405 2454 526 2505 Busiridis
537 2457 613 2505 aras?

121 2535 169 2586 cni
179 2551 230 2584 non
241 2535 323 2583 dictus
333 2535 415 2600 Hylas
425 2550 487 2598 puer
498 2541 523 2584 et
533 2534 639 2585 Lamia
649 2535 734 2596 Delos,

120 2612 328 2681 Hippodameque
345 2623 480 2672 umeroque
501 2614 591 2680 Pelops
600 2617 703 2680 insignis
710 2615 813 2676 eburno,

118 2697 188 2749 Acer
198 2693 290 2760 equis?
324 2693 477 2758 Temptanda
487 2695 528 2743 ria
542 2702 588 2753 est,
600 2711 649 2759 qua
663 2710 702 2743 me
715 2709 813 2760 queque

215 2773 309 2839 possim
