2110 3540
228 403 275 450 2³4
370 385 601 430 Anrnonocu
626 386 769 432 narmi.

228 511 268 559 En
275 525 329 575 ego,
339 525 394 559 cum
405 510 486 574 petria
496 525 592 558 caream
600 509 717 575 vobisque
727 509 857 576 domoque,

260 592 390 655 Raptaque
400 590 457 650 sint,
468 589 543 639 adimi
553 605 616 654 quae
626 598 728 655 potuere
737 591 808 654 mihi,

227 670 330 735 Ingenio
340 677 422 719 tamen
432 672 484 735 ipss
495 685 549 719 meo
558 671 707 734 comitorque
718 671 849 736 fruorqusr

259 753 352 803 Caesar
360 754 386 802 in
396 753 442 802 hoc
452 755 533 818 potuit
542 754 603 802 iuris
612 753 703 802 habere
712 754 782 802 nihil.

228 832 338 892 Quilibet
347 833 410 882 hanc
421 849 493 883 saevo
502 835 578 882 vitem
588 833 650 881 mihi
659 833 729 882 finiat
738 849 805 895 ense,

259 913 302 961 Me
313 920 395 962 tamen
404 915 514 962 extincto
524 913 590 962 lama
601 919 724 976 superstes
736 913 792 973 erit,

228 992 344 1057 Dumque
354 994 405 1042 suis
416 1000 509 1058 septem
520 993 609 1041 victrix
620 991 650 1040 de
660 992 785 1040 montibus
796 991 879 1041 orbem

260 1071 395 1137 Prospiciet
405 1072 522 1122 domitum
532 1072 626 1120 Martia
637 1071 726 1132 Roma,
737 1071 817 1135 leger.

228 1152 266 1200 Tu
278 1167 384 1216 quoque,
396 1168 470 1216 quam
481 1151 556 1201 studii
567 1158 666 1200 maneat
676 1151 769 1201 felicior
778 1167 846 1213 usus,

260 1230 350 1298 Effuge
359 1238 481 1290 venturos,
492 1247 541 1296 quc
552 1238 628 1296 potes,
640 1245 722 1295 usque
734 1232 823 1296 rogos!

536 1353 614 1392 cm.

493 1457 587 1530 Elegia
598 1457 645 1514 xii.

238 1740 248 1749 .
276 1726 302 1767 ,4
330 1716 349 1747 ἡ
499 1678 548 1726 iem
558 1677 667 1742 Zephyri
676 1677 797 1738 minuunt,
807 1692 920 1742 annoque

279 1766 295 1789 t
313 1762 344 1803 «Μ

237 1770 347 1871 lulla?
369 1765 593 1902 Innglgiailnvlepuit
603 1839 655 1886 visa
665 1837 768 1886 Tomitis
778 1836 885 1903 hiemps:

229 1916 413 1982 Inpositamque
425 1918 472 1966 sibi
482 1919 525 1982 qui
534 1933 584 1966 non
594 1917 656 1967 bene
667 1917 770 1982 pertulit
779 1916 871 1966 Hellen

261 1997 385 2064 Tempora
394 1999 519 2046 nocturnis
529 2013 608 2061 aequa
618 1997 707 2046 diurna
716 1996 783 2046 iacit.

232 2078 286 2126 lam
298 2077 374 2127 violas
384 2078 504 2142 puerique
514 2077 600 2142 legunt
610 2075 751 2140 hilaresque
761 2075 867 2140 puellae,

260 2156 364 2206 Rustica
374 2171 436 2220 quas
447 2157 514 2206 nullo
524 2165 591 2206 terra
600 2164 696 2206 serente
706 2156 781 2206 vehit

229 2235 356 2302 Prataque
367 2236 503 2301 pubescunt
511 2237 635 2285 veriorum
645 2237 705 2285 flore
716 2235 840 2285 colorumr

261 2314 414 2379 Indocilique
425 2315 518 2379 loquax
528 2323 630 2380 gutture
640 2323 728 2364 vernat
738 2316 798 2364 avis.

232 2397 315 2462 thue
325 2397 405 2446 mulae
415 2398 509 2446 crimen
519 2398 606 2446 matris
617 2397 724 2463 deponat
733 2394 849 2456 hirundo,

261 2476 312 2526 Sub
322 2474 433 2526 trabibus
444 2489 520 2525 cunas
530 2483 642 2541 tectaque
654 2491 730 2540 parva
741 2475 808 2524 facit.

230 2555 374 2622 Herbaque,
385 2570 449 2620 quac
459 2555 533 2605 latirit
543 2557 685 2606 Cerealibus
695 2555 784 2604 obrute
794 2554 878 2616 sulcis,

262 2636 362 2686 Exserit
371 2649 386 2684 e
396 2634 479 2701 tepida
489 2635 562 2684 molle
572 2649 688 2684 cacumen
698 2633 779 2682 humo.

229 2716 333 2782 Quoque
344 2717 397 2767 loco
407 2722 446 2766 est
455 2717 520 2780 vitis,
531 2716 561 2766 dc
571 2716 672 2781 palmite
682 2729 779 2781 gemma
787 2719 914 2766 moveturr

261 2799 327 2849 Nam
337 2798 422 2864 procul
431 2813 447 2847 a
458 2797 546 2849 Getico
554 2795 627 2847 litore
639 2798 695 2846 vitis
706 2795 783 2846 abest.
