2070 3542
226 371 255 419 ⁷²
372 352 601 397 ANTHOLOGIA
627 352 768 399 terrm.

226 449 310 512 Teque
320 447 381 496 eden
392 448 465 497 decue
476 447 522 496 hoe
531 449 593 507 nevi,
604 454 629 495 te
639 446 753 507 Consule,
764 446 845 510 inibit,

225 527 312 588 Pollio,
324 534 349 576 et
358 527 474 591 incipient
484 526 568 591 magni
578 526 708 590 procedere
720 541 830 590 mensee3
879 544 881 549 ·

226 606 263 656 Te
273 606 342 664 duee,
353 607 374 656 si
384 621 433 670 que
443 613 543 655 manent
553 605 651 656 sceleris
661 606 765 670 vestigia
774 605 863 668 nostri,
879 637 882 662 1

227 685 306 735 Inrita
316 695 434 752 perpetue
441 687 534 735 solvent
543 685 672 734 formidine
682 693 767 734 terrae.

226 765 272 812 Ille
283 765 355 814 deum
365 767 440 814 vitem
450 766 552 829 eeeipiet
562 765 673 827 divisque
683 764 774 812 videbit

227 843 366 894 Permixtus
377 845 465 893 berone
475 852 500 894 et
510 846 562 909 ipee
572 845 694 893 videbitur
703 844 760 905 illis,

227 923 394 988 Pacatumque
405 932 474 990 reget
484 926 571 989 patriis
581 925 712 972 virtutibus
722 924 815 973 orbem.

227 1004 265 1052 At
275 1004 320 1052 tibi
330 1006 416 1068 prime,
427 1021 498 1069 puer,
508 1005 576 1053 nullo
586 1003 728 1052 munuscula
738 1003 806 1052 cultu

228 1084 341 1133 Errentis
351 1085 455 1133 hederas
465 1085 556 1148 peeeim
565 1099 621 1132 cum
631 1083 750 1132 baenburc
760 1082 833 1131 tellus

228 1161 358 1224 Mixtaque
369 1162 458 1210 ridenti
468 1162 585 1210 eoloeeeie
595 1160 679 1209 trudet
689 1161 802 1210 acantho.

229 1241 300 1304 Ipsae
310 1241 372 1290 lecte
383 1241 481 1290 domum
491 1240 598 1292 referent
608 1239 713 1288 distentu
722 1240 829 1304 capellae

229 1321 322 1381 Ubere,
332 1337 377 1370 nec
387 1335 488 1386 megene
498 1327 606 1368 metuent
617 1327 726 1367 armenta
737 1319 826 1368 leones.

229 1399 286 1464 Ipsa
297 1400 341 1448 tibi
350 1399 452 1450 blandos
462 1400 564 1448 fundent
576 1396 698 1448 cunabula
708 1398 787 1448 floren

229 1477 329 1526 Occidet
338 1484 363 1526 et
374 1493 481 1541 serpens,
488 1485 514 1527 et
522 1478 598 1526 fallax
609 1478 686 1526 herbe
693 1479 778 1526 veneni

229 1556 343 1620 Occidet3
359 1557 491 1620 Assyrium
503 1558 574 1622 volgo
583 1566 697 1606 nuscetur
706 1573 838 1608 amomum.

230 1636 267 1684 At
277 1637 350 1685 simul
359 1635 462 1685 heroum
474 1637 559 1686 laudes
569 1644 594 1685 et
605 1638 670 1686 fecte
679 1639 787 1702 parentis

230 1714 284 1762 Iam
294 1715 376 1779 legere
383 1722 409 1764 et
419 1730 482 1779 quae
492 1717 524 1764 sit
533 1717 625 1780 poteris
635 1731 779 1780 cognoscere
791 1715 876 1778 virtue,

229 1794 301 1843 Molli
312 1796 429 1859 paulatim
439 1795 553 1845 flavescet
561 1812 661 1860 campus
671 1799 755 1856 ariete,

231 1875 382 1940 Incultisque
392 1877 483 1930 rubens
494 1876 609 1941 pendebit
620 1877 729 1926 sentibus
740 1891 797 1938 uve,

230 1956 264 2004 Et
274 1956 350 2005 durae
361 1972 465 2021 quercus
476 1957 599 2006 sudabunt
609 1957 704 2006 roseida
714 1957 792 2006 melle·

230 2035 314 2086 Peuce
325 2044 407 2086 temen
418 2039 536 2088 suberunt
545 2038 639 2101 priscae
648 2037 751 2101 vestigia
761 2037 864 2098 fraudis,

231 2115 301 2175 Quae
309 2124 429 2180 temptare
439 2117 537 2165 Thetim
547 2117 651 2177 ratibus,
658 2131 720 2180 quae
731 2117 829 2181 cingere
838 2116 914 2166 murie

231 2195 336 2259 Oppida,
346 2211 408 2259 quee
420 2197 520 2246 iubeant
530 2195 612 2245 telluri
622 2195 741 2244 infindere
751 2195 837 2246 sulcen

231 2275 305 2323 Alter
315 2276 362 2323 erit
372 2283 423 2324 tum
435 2274 538 2342 Tiphys,
549 2282 574 2324 et
585 2275 735 2339 uberaquae
746 2275 818 2326 vehet
828 2275 900 2340 Argo

231 2354 346 2403 Delectoe
356 2353 458 2418 beroee;
475 2361 549 2406 erunt
558 2354 632 2405 etiem
643 2354 721 2404 altere
730 2353 802 2416 bedu,

232 2435 317 2499 Atque
324 2435 413 2484 iterum
422 2435 453 2484 ed
460 2434 559 2484 Troum
567 2450 670 2499 mugnus
681 2436 791 2485 mittetur
798 2433 916 2486 Achilles.

232 2515 304 2572 Hine,
314 2514 357 2562 ubi
367 2515 416 2564 iem
426 2515 524 2565 firman
534 2516 614 2570 virum
625 2523 649 2565 te
659 2514 743 2564 iecerit
754 2523 831 2576 neus,

232 2595 308 2645 Oedet
318 2603 343 2644 et
353 2595 405 2658 ipse
415 2595 478 2643 muri
487 2601 578 2662 vector,
589 2610 633 2647 uec
642 2595 740 2644 neutice
749 2595 822 2657 pinus

232 2673 341 2723 Mutabit
351 2689 458 2730 mercena
475 2676 552 2726 omniu
562 2675 625 2724 feret
634 2675 715 2725 omnia
726 2673 805 2722 tellus.

233 2750 291 2802 Non
299 2760 391 2802 reeuee
401 2754 508 2820 patietur
516 2753 614 2815 humus,
624 2767 674 2802 non
684 2752 755 2800 vinee
764 2750 869 2817 ideemp
