2098 3546
248 380 295 436 31s
386 371 617 414 sunnonoors
643 370 786 413 neurus.

248 467 356 530 Excipit,
366 472 392 514 et
402 464 469 512 solus
480 463 643 528 trepidantem
652 466 761 529 protegit
771 463 869 525 urbm,

250 547 336 610 Atque
347 545 402 593 ideo
412 553 544 608 postquam
554 544 586 592 ad
596 543 710 594 Cimbros
719 552 879 609 stragemque

345 624 463 672 volabant

249 705 299 764 Qui
310 717 444 766 numquam
455 704 590 767 attigerant
601 703 694 751 maiora
703 703 823 751 cadavera
832 701 910 759 corvi,

249 780 345 830 Nobilis
355 787 456 828 ornetur
466 779 537 828 lauro
547 781 642 845 collega
652 779 764 828 secunda

248 857 361 906 Plebeiae
373 856 505 904 Deciorum
516 857 619 914 animae,
629 855 724 920 plebeis
734 855 837 904 fuerunt

249 937 370 986 Nomina=
388 951 433 1000 pro
443 937 501 984 totis
512 935 651 1000 legionibus
660 935 688 983 hi
699 941 781 983 tamen
792 942 817 984 et
826 950 873 1000 pro

249 1017 370 1067 Omnibus
381 1015 480 1064 auxiliis
490 1022 564 1078 atque
575 1016 641 1063 omni
652 1015 716 1078 pube
726 1014 817 1064 Latina

250 1095 380 1144 Sufficiunt
390 1095 428 1144 die
440 1095 542 1143 infernis
553 1102 682 1158 terraeque
693 1096 789 1159 parenti
800 1115 807 1158 3

248 1175 332 1226 Pluris
342 1176 407 1226 enim
417 1176 497 1236 Decii,
508 1189 583 1239 quam
593 1189 657 1238 quae
667 1182 795 1224 servantur
805 1175 837 1224 ab
847 1173 904 1224 illis

601 1258 652 1303 Sat.
664 1254 713 1303 viii.
746 1269 770 1305 v.
782 1257 901 1304 231-258.

576 1397 633 1435 001«.

546 1517 662 1572 Seianus.

252 1668 274 1707 pq
285 1626 366 1738 λῇ
375 1641 455 1689 1an
466 1641 568 1689 salutari
580 1642 643 1689 sicut
654 1639 777 1689 Seianus?
794 1639 884 1691 hebere

251 1666 368 1841 φύς
391 1722 545 1770 Tantundem
564 1727 638 1784 atque
650 1720 686 1768 illi
697 1736 803 1770 summas
813 1721 905 1771 donare

258 1817 302 1855 ¹,
364 1828 367 1839 ·
459 1801 565 1862 curules,

248 1884 320 1933 Illum
333 1883 483 1932 exercitibus
495 1881 667 1944 praeponere?
686 1887 754 1930 tutor
765 1881 852 1931 haberi

247 1963 370 2027 Principis
381 1971 488 2026 angusta
498 1959 669 2025 Caprearum
662 1976 687 2008 111
698 1976 760 2024 rupe
770 1961 878 2011 sedentis

248 2043 311 2093 Cum
322 2059 398 2108 grege
409 2040 554 2091 Chaldaeo?
573 2041 608 2088 vis
618 2047 684 2089 certe
696 2041 747 2104 pila
756 2042 877 2103 cohortes,

248 2123 368 2187 Egregios
379 2121 477 2186 equites
487 2126 512 2168 et
522 2126 603 2168 castra
614 2118 766 2168 domestica?
786 2121 872 2183 quidni

248 2203 316 2251 Haec
326 2201 432 2266 cupies?
449 2200 528 2261 etqui
540 2199 626 2246 nolunt
636 2199 744 2248 occidere
756 2214 913 2263 quemquam,

247 2281 323 2329 Posse
332 2280 424 2328 volunt.
441 2278 490 2326 Sed
498 2293 561 2342 quse
572 2277 699 2341 praeclara
706 2286 732 2326 et
739 2294 858 2343 prospera
866 2282 938 2339 tanti¹

247 2360 284 2409 Ut
295 2359 369 2408 rebus
380 2358 451 2407 laetis
462 2373 508 2422 per
520 2361 552 2406 sit
563 2371 678 2406 mensura
687 2357 825 2406 maiorum?

248 2443 337 2500 Huius,
348 2439 392 2504 qui
403 2437 520 2493 trahitur,
532 2443 686 2500 praetextum
697 2452 793 2486 sumere
803 2441 891 2500 maris,

247 2524 290 2573 An
301 2520 449 2569 Fidenarum
461 2517 647 2580 Gabiorumque
658 2531 712 2565 esse
723 2525 839 2583 potestas,

247 2602 280 2650 Et
290 2601 321 2650 de
331 2613 445 2648 mensure
456 2599 494 2646 ius
505 2597 593 2657 dicere,
605 2611 664 2644 vase
675 2597 770 2645 minora

246 2682 371 2745 Frsngere
381 2693 505 2744 pannosus
515 2678 599 2725 vacuis
609 2675 693 2724 aedilis
705 2674 825 2724 Ulubris?

247 2759 313 2825 Ergo
323 2759 382 2824 quid
394 2757 528 2821 optandum
538 2756 611 2818 foret,
622 2757 747 2819 ignorasse
757 2755 842 2804 fateris
