2070 3542
367 389 567 437 vanamne.
773 411 817 457 ,03

126 488 245 548 sectore,
256 488 300 552 qui
311 487 376 535 reda
386 474 488 536 exuvias
498 487 598 536 indutus
609 486 712 547 Achiui,

125 567 174 615 Vel
184 567 302 616 Danaum
314 567 438 630 Phrygios
449 567 570 616 iaculatus
580 567 703 630 puppibus
713 567 791 631 ignis)

127 646 287 710 squalentem
298 646 401 694 barbam
412 653 437 695 et
446 654 572 695 concretos
584 647 703 710 sanguine
713 647 787 695 crinis

127 727 284 791 Vulneraque
296 727 339 774 illa
347 742 443 790 gerens,
451 741 514 790 quae
521 725 728 789 circumplurima
734 741 818 774 muros

126 805 229 871 Aesepit
239 807 348 871 patrios!
372 806 446 854 Ultro
456 806 517 854 flens
528 807 580 870 ipsa
591 806 692 854 videbar

125 886 279 951 Compellare
289 887 369 934 virum
380 893 405 933 et
415 893 520 934 maestas
531 901 675 950 expromere
684 901 768 935 voees:

125 967 146 1016 Ο
157 967 202 1015 lux
213 965 364 1021 Dardaniae,
376 981 431 1028 spes
441 981 457 1012 o
467 964 585 1013 fidissima
596 963 728 1021 Teucrum,

125 1045 194 1105 Quae
205 1053 290 1094 tantae
302 1053 402 1094 tenuere
412 1045 515 1093 morae?
533 1046 622 1109 quibus
631 1047 723 1093 Hector
728 1045 761 1092 ab
767 1046 818 1093 oris

125 1125 274 1188 Exspectate
284 1126 353 1173 venis
363 1125 375 1172 l
392 1131 421 1172 ut
433 1131 456 1173 te
467 1131 522 1188 post
532 1123 610 1173 multa
620 1131 719 1173 tuorum

125 1205 233 1266 Funera,
242 1213 299 1269 post
310 1205 391 1253 varios
401 1205 576 1268 hominumque
591 1203 710 1267 urbisque
722 1205 817 1254 labores

125 1284 223 1346 Defessi
233 1284 380 1348 aspicimus!
398 1299 460 1348 quae
470 1299 558 1332 caussa
568 1283 670 1346 indigna
682 1299 779 1332 serenos

125 1363 242 1412 Foedavit
253 1361 333 1411 voltus
343 1366 353 1410 ἓ
371 1369 415 1410 aut
425 1377 469 1410 eur
480 1361 541 1410 haee
551 1361 652 1410 volnera
662 1363 754 1410 cerno?

126 1441 172 1490 llle
182 1441 255 1502 nihil,
265 1457 310 1490 nee
321 1457 360 1488 me
371 1450 528 1505 quaerentem
541 1455 604 1490 vana
614 1448 735 1503 moratur,

126 1522 175 1570 Sed
185 1523 297 1586 graviter
307 1523 414 1586 gemitus
425 1523 474 1569 imo
485 1520 516 1569 de
526 1528 624 1584 pectore
634 1519 733 1582 ducens,

127 1603 182 1651 Heu
192 1602 263 1666 luge,
274 1610 332 1650 nate
342 1601 397 1662 dee,
408 1607 482 1664 teque
492 1601 540 1662 bis,
552 1601 596 1662 ait,
607 1602 674 1664 eripe
685 1600 798 1652 flammis.

125 1683 211 1731 Hostis
222 1681 298 1730 babet
308 1696 407 1744 muros3
425 1681 476 1728 ruit
486 1680 537 1728 alto
546 1695 562 1728 a
573 1679 679 1728 eulmine
690 1680 772 1731 Troia.

126 1762 171 1810 Sat
181 1762 277 1825 patriae
288 1759 438 1822 Priamoque
448 1759 546 1808 datum=
564 1759 585 1808 si
596 1759 717 1823 Pergama
731 1761 819 1810 dextra

125 1840 233 1890 Defendi
244 1846 353 1904 possent,
363 1840 439 1888 etiam
450 1838 497 1887 hae
507 1825 608 1887 defensa
618 1838 738 1898 luissent:

127 1921 203 1970 Sacra
213 1934 319 1983 suosque
330 1919 375 1968 tibi
386 1913 539 1966 commendat
550 1917 625 1966 Troia
635 1918 735 1966 Penatis
745 1936 753 1980 ;
774 1915 776 1920 ’

126 2001 179 2050 Hos
189 2015 250 2064 cape
262 1999 370 2046 laterum
380 1999 489 2058 comites,
499 1997 539 2045 hia
551 1997 648 2046 moenia
659 2011 758 2060 quaere,

126 2080 221 2144 Magna
239 2085 369 2143 pererrato
380 2067 473 2126 statues
484 2092 547 2141 quae
558 2076 664 2140 denique
675 2084 756 2140 ponto.

126 2159 164 2210 Sit
175 2161 221 2222 ait,
232 2166 258 2209 et
267 2158 381 2207 manibus
392 2159 467 2206 vittas
478 2155 631 2220 Vestamque
641 2163 766 2220 potentem

125 2243 317 2304 Aeternumque
327 2238 410 2302 adytis
421 2237 492 2286 effert
501 2234 669 2301 penetralibus
679 2236 769 2300 ignem.

641 2332 664 2364 v.
676 2321 788 2366 ata-297.

390 2575 557 2692 caslav
