2110 3540
232 385 277 432 ξοδ
373 379 605 423 ANTHOLOGIA
627 379 771 422 mrim.

230 474 304 524 Nune
314 473 358 522 tibi
369 473 519 535 eommendo‚
530 475 668 522 eommunia
679 474 791 538 pignore,
802 477 883 523 natos.

262 555 330 602 Haec
340 569 399 602 eure
409 562 434 601 et
445 554 519 602 elueri
531 555 609 617 spirat
619 555 700 603 inuste
711 569 773 604 meo.

229 633 343 698 Fungere
353 634 471 681 maternis
484 633 586 690 vicibus,
598 642 676 696 pater,
704 633 751 680 Ille
761 646 871 681 meorum

262 713 347 762 Omnis
358 714 405 762 erit
415 712 477 761 eollo
488 712 562 760 turba
573 712 673 760 ferenda
684 720 733 762 tuo.

229 793 319 843 Oscula
328 809 384 842 eum
395 792 490 840 dederis
500 799 544 840 tua
554 791 677 854 flentibus,
687 793 756 840 edice
775 794 869 842 metris.

260 873 324 922 Tota
334 872 421 920 domus
430 872 511 935 eoepit
521 887 586 920 nune
597 886 658 918 onus
669 886 723 918 esse
734 879 810 920 tuum.

228 951 262 999 Et
272 951 292 998 si
304 949 363 1014 quid
374 947 495 996 doliturus
505 949 563 1009 eris,
575 950 627 996 sine
640 948 743 996 testibus
753 949 816 1001 illisr

258 1025 323 1076 Cum
333 1027 439 1084 venient,
450 1024 519 1073 sienis
529 1024 613 1072 escula
623 1025 680 1072 falle
691 1027 769 1088 genis.

228 1107 273 1157 Set
283 1106 329 1156 tibi
339 1107 388 1154 sint
397 1111 491 1165 noctes,
501 1119 562 1167 ques
573 1104 604 1152 de
615 1119 662 1162 me,
672 1104 767 1167 Penne,
777 1105 877 1170 fatiges,

258 1187 406 1249 Somniuque
418 1185 541 1233 infaciem
551 1185 645 1232 eredita
655 1200 727 1248 saepe
737 1201 826 1236 meam.

226 1267 320 1330 Atque,
331 1267 373 1314 ubi
384 1273 478 1314 secrete
489 1271 573 1312 nostre
583 1265 614 1313 ed
625 1267 755 1314 simulacra
764 1266 881 1331 loqueris,

259 1346 294 1396 Ut
305 1351 465 1410 responsurae
476 1344 573 1409 singula
581 1345 655 1394 verbe
666 1347 725 1398 iace.

226 1426 276 1476 Seu
285 1434 368 1475 tamen
379 1425 508 1474 adversum
518 1426 621 1474 mutarit
632 1427 706 1474 ianua
716 1426 815 1490 lectum,

258 1506 354 1555 Sederit
363 1512 389 1552 et
399 1512 483 1552 uestro
493 1513 567 1553 ceute
577 1520 681 1554 noverea
691 1515 754 1569 tero,

225 1585 382 1649 Coniugium,
392 1585 471 1648 pueri,
480 1584 580 1634 laudate
592 1593 617 1633 et
626 1585 688 1634 ferte
697 1595 841 1650 paternum:

257 1664 337 1729 Capta
346 1665 416 1713 debit
427 1665 514 1713 vestris
526 1665 635 1714 moribus
644 1666 687 1714 ille
697 1681 790 1716 manus

225 1744 277 1793 Nee
286 1751 389 1792 matrem
400 1743 499 1792 leudete
509 1745 597 1808 nimis3
615 1746 703 1794 collata
712 1749 790 1810 priori

257 1823 346 1872 vertet
357 1839 382 1872 1n
393 1822 497 1872 offensus
507 1823 583 1872 libera
593 1824 668 1873 verbe
679 1841 743 1874 suus.

223 1905 273 1954 Seu
285 1919 377 1953 memor
389 1903 429 1952 ille
439 1919 495 1952 meu
504 1911 633 1953 eontentus
644 1907 763 1954 manserit
771 1907 868 1970 umbre,

255 1985 289 2032 Et
300 1985 363 2032 tenti
373 1983 467 2032 eineres
476 1983 574 2032 duxerit
585 2000 637 2032 esse
647 2000 722 2042 meos,

222 2064 317 2112 Discite
327 2072 455 2112 venturum
467 2064 516 2110 ium
528 2079 593 2112 nune
605 2066 694 2113 sentire
705 2073 835 2128 senectam,

254 2142 360 2193 Ceelibis
371 2144 402 2191 sd
410 2158 482 2192 eures
492 2158 537 2190 nee
548 2151 617 2192 venet
626 2144 674 2192 ulle
685 2146 731 2193 vie.

221 2224 295 2284 Quod
305 2224 366 2272 mihi
377 2223 513 2270 detractum
523 2231 568 2280 est,
574 2233 667 2272 vestros
676 2225 812 2274 medetei
820 2241 912 2278 annosi

253 2304 325 2354 Prole
335 2319 390 2352 mes
400 2303 514 2350 Paullum
526 2304 561 2352 eie
571 2305 638 2353 iuvet
647 2320 700 2353 esse
709 2321 799 2354 senem.

221 2386 254 2434 Et
266 2385 326 2434 bene
334 2383 425 2432 bahem
442 2397 570 2446 nunquam
580 2392 659 2433 mater
669 2385 783 2449 lugubria
792 2388 883 2451 sumpsi
895 2407 902 2452 3

252 2464 330 2512 Venit
339 2465 365 2512 in
376 2464 495 2527 exequias
506 2470 559 2512 tete
569 2474 668 2514 caterva
678 2481 752 2516 meus.

221 2544 302 2596 Causa
311 2552 425 2610 perorata
433 2548 477 2592 est
511 2543 609 2595 Flentes
619 2562 658 2595 me
668 2549 763 2612 surgite
775 2555 858 2610 testes,

251 2625 318 2673 Dum
329 2625 436 2690 pretium
447 2630 514 2677 vitae
525 2634 598 2691 grute
609 2627 722 2691 rependit
731 2628 829 2677 humus.

219 2705 331 2756 lienibus
340 2705 469 2756 stenelum
480 2707 578 2771 putuit3
595 2708 642 2756 eim
652 2707 729 2772 digne
739 2708 855 2757 merendo
913 2735 915 2740 ,

250 2779 328 2830 Cuius
337 2781 464 2831 honoretis
474 2797 530 2834 essa
542 2782 662 2832 vehantur
671 2785 750 2848 equis.

764 2865 827 2926 Eleu.
839 2863 875 2911 xl.
