2054 3546
363 395 533 442 errares.
780 419 797 463 9

141 495 183 542 di.
197 491 253 558 Ego
264 490 361 542 dicams
379 491 496 540 ausculta.
531 489 569 540 Ut
578 489 639 539 foris
653 497 782 540 cenaverat

104 571 175 621 Tum
185 579 285 637 gnatus,
296 577 426 635 postquam
436 569 510 619 rediit
521 583 536 618 a
546 585 606 618 cena
617 569 724 628 domum,
798 605 801 612 .

103 651 213 699 Abimus
223 665 308 698 omnes
317 649 434 705 cubitum,
443 647 652 698 condormivimus.

103 729 242 779 Lucernam
255 730 319 778 forte
330 729 420 778 oblitus
429 729 524 778 fluerem
536 730 694 792 extingueres

39 841 41 845 -
103 811 192 873 Atque
202 809 244 857 ille
255 809 376 857 exclamat
386 808 517 873 derepente
526 823 676 858 maxumum.

141 893 182 937 ΤΙι.
201 889 265 948 Quis
275 889 367 937 homo?
384 903 417 937 an
426 903 495 936 meus
505 887 615 952 gnatus?

140 973 181 1019 Tr.
457 967 494 1024 St,
505 975 574 1032 tace3
592 967 704 1017 ausculta
715 969 795 1022 modo.

103 1047 153 1097 Ait
160 1047 256 1096 venisse
266 1047 336 1096 illum
345 1048 372 1096 in
382 1047 472 1096 somnis
482 1047 513 1095 ad
524 1063 550 1096 se
561 1055 692 1097 mortuom.
704 1073 707 1078 ·

139 1133 183 1178 rt.
201 1129 297 1192 Nempe
307 1116 404 1192 ergoin
416 1127 527 1177 somnis?

139 1213 181 1258 R.
458 1208 508 1256 Ita.
542 1206 585 1256 Set
596 1207 707 1258 ausculta
717 1208 796 1260 modo.

104 1289 153 1338 Ait
163 1287 235 1337 iilum
244 1285 291 1336 hoc
301 1293 373 1351 pacto
383 1288 429 1337 sibi
440 1287 531 1337 dixisse
542 1295 663 1338 mortuom

140 1372 184 1418 rt
203 1368 235 1416 In
245 1367 357 1417 somnis?
447 1427 451 1433 ι

141 1451 183 1497 Tr.
394 1445 497 1504 Mirum,
508 1448 568 1511 quin
579 1446 690 1512 vigilanti
701 1446 800 1507 diceret,

105 1527 157 1587 Qui
167 1525 258 1576 abhinc
269 1527 399 1590 sexaginta
410 1529 480 1575 annis
491 1529 585 1576 occisus
595 1529 666 1577 foret.

105 1605 237 1656 Interdum
249 1605 330 1670 inepte
341 1605 431 1654 stultus
441 1621 477 1668 es,
488 1607 662 1672 Themopides.

142 1690 188 1735 Ti.
205 1684 297 1734 Taceo.

140 1768 184 1814 Tr.
289 1763 333 1813 Set
343 1779 410 1826 eece,
421 1781 483 1829 qnae
494 1765 530 1814 illi
541 1766 582 1814 ilie
592 1766 672 1829 inquit
681 1775 797 1817 mortuos.

105 1847 122 1874 “
134 1845 192 1910 Ego
203 1845 385 1894 transmarinus
395 1845 483 1909 hospes
495 1861 547 1894 eum
557 1845 720 1914 Diapontiua3

106 1925 157 1973 Hic
168 1925 268 1987 habit03
287 1923 348 1973 haec
357 1924 419 1973 mihi
430 1924 511 1974 dedita
521 1933 559 1974 est
570 1925 688 1975 habitatio
699 1946 706 1976 ε

107 2003 175 2052 Nam
186 2019 227 2052 me
237 2003 408 2052 Acheruntem
418 2006 526 2069 recipere
539 2005 617 2054 Orcus
627 2006 712 2065 noluit,

107 2083 175 2143 Quia
184 2090 342 2148 praemature
352 2085 405 2134 vita
415 2099 496 2135 careo.
528 2084 577 2134 Per
586 2085 660 2133 fidem

107 2164 235 2227 Deceptus
247 2179 300 2212 sum
312 2183 319 2212 ι
337 2163 426 2228 hospes
435 2180 475 2212 me
486 2163 527 2212 hic
536 2165 642 2222 necavit,
653 2163 721 2230 isque
731 2180 771 2214 me

109 2241 212 2291 Deiodit
222 2242 372 2306 insepultum
382 2243 445 2292 clam
457 2245 483 2292 in
493 2243 559 2292 hisce
570 2244 678 2306 aedibus,

111 2323 246 2384 Scelestus‚
256 2325 311 2370 auri
321 2338 403 2372 cansa.
438 2323 511 2372 Nunc
521 2331 548 2372 tu
559 2323 616 2372 hinc
627 2325 735 2388 emigres

112 2401 234 2452 Scelestae
245 2402 307 2451 haec
317 2403 409 2451 aedes?
426 2404 525 2468 impiast
534 2403 681 2451 habitatio?

110 2481 182 2542 Quae
192 2482 234 2530 hic
244 2489 355 2531 monstra
365 2482 436 2545 fiunt,
446 2497 510 2531 anuo
521 2483 565 2530 vix
576 2497 672 2546 possum
683 2481 772 2546 eloqui.

146 2565 190 2614 ΊῚι.
209 2560 239 2611 St
251 2567 283 2610 st.

145 2645 187 2691 Tr·
254 2638 321 2699 Quid
332 2639 431 2690 obsecro
441 2639 522 2690 hercle
533 2640 668 2690 factumst?

145 2725 189 2771 rt.
575 2719 724 2784 Concrepuit
734 2719 794 2768 foris

146 2802 187 2848 rt.
204 2797 316 2846 Haecine
327 2797 486 2862 percussest?
503 2805 600 2864 guttam
610 2797 672 2847 haut
682 2797 761 2846 habeo

240 2891 385 2942 sangumras
