2098 3546
375 366 388 407 1
395 365 581 410 Uardanis,
775 381 820 428 3²¹

134 454 255 506 Paulatim
266 459 325 504 vitis
336 463 410 520 atque
421 473 516 506 errores
524 458 596 506 exuit
606 471 698 519 omues,

134 537 217 585 Prima
228 536 297 584 docet
306 545 399 585 rectum
410 537 538 600 sapientia.
558 538 654 602 Quippe
664 539 752 587 minuti

134 615 235 680 Semper
244 623 270 666 et
281 617 372 664 infirmi
382 625 420 665 est
429 618 505 664 enimi
514 617 646 680 exiguique
656 616 769 683 voluptas

134 695 217 746 Ultio:
234 697 347 745 continuo
358 697 393 744 sic
402 696 498 761 collige,
509 697 574 759 quod
584 697 691 746 vindicte

134 777 213 826 Nemo
224 778 303 841 magis
312 777 412 841 gaudet,
423 792 496 840 quam
507 777 604 826 femine.
638 775 690 826 θαι·
700 783 782 826 temen

228 857 273 905 hos
283 864 312 905 tn

133 937 246 986 Evacisse
258 945 338 1000 putes,
349 951 411 1000 ques
423 937 470 985 diri
481 937 579 984 conscia
590 936 649 984 facti

134 1021 206 1068 Mens
217 1021 292 1069 habet
302 1021 419 1068 attonitos
431 1027 456 1068 et
467 1019 541 1068 surdo
550 1019 652 1068 verbere
664 1019 744 1069 caedit

135 1099 261 1150 Occultum
273 1101 399 1163 quatiente
409 1101 491 1148 animo
502 1105 595 1149 tortore
605 1099 749 1164 flagellum?

133 1178 217 1227 Poene
227 1186 309 1226 autem
320 1179 449 1227 vehemens
460 1194 488 1226 ac
498 1178 576 1227 multo
586 1181 681 1227 saevior
691 1179 748 1241 iilis,

133 1258 202 1318 Quas
220 1267 245 1307 et
259 1259 386 1308 Caedicius
404 1260 487 1324 gravis
505 1260 599 1306 invenit
614 1265 639 1308 et
656 1258 811 1307 Rhadaman·

228 1338 294 1395 thus,
434 1329 437 1333 ’

134 1417 213 1467 Nocte
223 1418 310 1482 dieque
319 1434 391 1467 suum
400 1425 497 1482 gestare
509 1419 535 1467 in
545 1426 642 1482 pectore
653 1427 749 1471 testem.

230 1513 244 1540 1
350 1515 364 1542 0
472 1515 485 1541 Q
591 1514 605 1541 1
712 1515 726 1542 fl

134 1574 188 1623 Has
196 1576 288 1638 petitur
299 1591 389 1640 poenas
401 1575 516 1640 peccandi
526 1575 577 1624 sola
587 1575 706 1625 voluntas.

134 1653 200 1702 Nam
211 1655 289 1702 scelus
299 1658 364 1704 intra
374 1671 400 1704 se
410 1656 512 1703 tacitum
524 1656 566 1718 qui
573 1656 666 1720 cogitet
675 1655 761 1713 ullum,

134 1731 205 1782 Facti
215 1735 307 1782 crimen
316 1734 400 1784 habet.
433 1733 508 1796 Cedo,
519 1736 539 1783 si
550 1742 637 1784 conata
646 1736 760 1800 peregit?

134 1812 259 1877 Perpetua
269 1815 380 1863 anxietas
391 1831 435 1862 nec
445 1829 542 1862 mensae
553 1821 663 1879 tempore
674 1822 760 1875 cesset,

134 1893 259 1942 Faucibus
269 1901 298 1942 ut
308 1894 393 1943 morbo
404 1895 474 1942 siccis
485 1895 598 1956 interque
607 1893 713 1942 moleres

135 1973 237 2021 Difficili
246 1979 369 2021 crescente
379 1973 450 2036 eib03
467 1971 552 2021 Setina
561 1971 670 2020 misellus

135 2053 241 2116 Eripuit,
251 2051 344 2100 Albani
354 2053 443 2100 veteris
451 2053 560 2116 pretiosa
571 2059 682 2101 senectus

135 2131 272 2196 Displicet3
285 2131 403 2180 ostendas
413 2131 508 2191 melius,
520 2131 664 2180 densissime
674 2147 737 2196 ruga

136 2209 241 2274 Cogitur
252 2212 278 2258 in
289 2211 402 2271 frontem,
412 2211 478 2258 velut
488 2212 539 2258 acri
549 2211 623 2260 dueta
632 2211 744 2259 Falerno.

138 2291 218 2340 Nocte
228 2292 325 2340 brevem
335 2291 356 2339 si
366 2291 429 2340 forte
439 2290 540 2340 indulsit
550 2307 609 2340 cure
620 2307 741 2357 soporem,

136 2371 171 2420 Et
181 2377 235 2420 tcto
245 2377 341 2418 versata
352 2377 405 2420 toro
417 2371 466 2418 iem
475 2371 585 2420 membre
593 2372 731 2434 quiescunt,

136 2450 261 2502 Continuo
271 2450 389 2513 templum
399 2458 425 2498 et
435 2451 518 2499 violati
528 2452 635 2500 numinis
642 2465 700 2499 arcs

136 2532 181 2594 Et,
192 2531 259 2594 quod
270 2532 406 2595 praecipuis
416 2539 520 2580 mentem
530 2530 659 2581 sudoribus
669 2537 749 2595 urget,

137 2612 176 2661 Te
186 2612 253 2660 ridet
263 2613 289 2659 in
298 2613 401 2675 semnis3
419 2618 462 2660 tua
473 2625 543 2660 saera
552 2619 578 2660 et
589 2613 667 2660 maior
676 2612 758 2674 imago
816 2647 820 2658 .

137 2694 256 2743 Humana
267 2693 351 2741 turbat
362 2691 476 2756 pavidum
486 2693 601 2757 cogitque
612 2693 692 2740 lateri.

137 2773 174 2823 Hi
185 2781 252 2832 sunt,
264 2775 306 2838 qui
316 2774 440 2838 trepidant
450 2780 475 2822 et
486 2774 518 2822 ad
526 2775 609 2823 omnia
619 2773 718 2838 fulgure
728 2771 829 2836 pellent,

459 2869 476 2902 r
