2070 3542
272 373 274 376 ¹
342 373 543 424 VultoltlUS.
749 397 792 447 227

13 513 15 544 3
101 467 170 518 Silva
180 465 231 519 fuit
242 469 292 520 lete
302 471 383 520 dumis
393 479 468 536 utque
479 474 534 522 ilice
545 475 617 537 nigra

13 557 15 622 3
100 545 222 607 Horrida,
235 562 309 612 quam
316 547 385 596 densi
395 549 539 612 conplorent
549 548 656 614 undique
666 555 761 615 sentem
798 620 800 624 Α

101 623 170 674 Rura
180 641 227 690 per
237 626 344 674 ooeultos
354 627 451 676 lucebat
462 629 550 677 semita
560 629 642 678 ealles.

13 699 15 764 ξ
100 699 240 766 Euryalum
250 703 366 751 tenebrae
376 719 501 752 remorum
511 719 661 769 onerosaque
672 705 763 769 praeda

13 771 15 820 l
99 774 250 840 Impediunt,
257 777 366 842 lullitque
376 781 450 828 timor
460 781 561 845 regione
572 781 673 830 viarum.

99 852 178 902 Nisus
188 855 256 919 ubit3
273 855 370 918 iamque
382 855 515 919 inprudens
526 864 637 905 evaserat
648 856 724 905 hostis

100 932 186 996 Atque
196 933 273 990 loeus,
284 935 327 998 qui
337 942 393 998 post
402 935 484 984 Albae
495 936 525 983 de
535 937 633 985 nomine
643 936 703 986 dicti

100 1011 202 1074 Albani,
215 1020 269 1061 tum
279 1029 325 1062 rex
332 1014 429 1063 stabula
438 1015 489 1062 ulta
500 1013 604 1064 Iustinus
614 1015 737 1066 habebut:

101 1089 138 1139 Ut
148 1092 229 1152 stetit,
239 1098 265 1140 et
275 1091 368 1140 frustra
379 1092 504 1141 absentem
515 1094 625 1157 respexit
635 1095 750 1144 amicum:

100 1169 211 1234 Euryale
219 1170 316 1231 infelix,
328 1187 378 1234 que
388 1179 412 1220 te
423 1173 522 1236 regione
533 1171 643 1236 reliqui?

100 1248 185 1310 Quave
203 1265 304 1312 sequar,
325 1266 410 1300 rursus
430 1251 575 1316 perplexum
596 1253 645 1302 iter
665 1269 736 1303 omns
756 1270 794 1304 re·

197 1329 300 1377 volvem

101 1409 206 1460 Fullueis
218 1409 313 1458 silvae?
339 1408 415 1458 Simul
427 1417 453 1459 et
462 1412 567 1476 vestigia
577 1419 644 1461 retro

103 1489 242 1540 Observata
253 1489 315 1555 legit
334 1491 462 1554 dumisque
473 1491 602 1540 silentibus
613 1499 686 1544 errat

101 1571 180 1621 Audit
190 1586 279 1634 equos,
289 1570 359 1619 audit
369 1572 485 1635 strepitus
496 1578 521 1620 et
532 1573 603 1636 signe
614 1581 766 1637 sequentum.

101 1649 153 1699 Nee
162 1649 266 1715 longum
276 1651 303 1698 in
312 1650 391 1698 medio
402 1657 506 1714 tempus,
517 1667 573 1700 oum
584 1653 678 1703 clamor
689 1655 719 1703 ed
726 1658 795 1706 suris

100 1726 218 1777 Pervenit
242 1743 271 1776 se
288 1727 356 1776 videt
373 1728 518 1792 Euryalum,
549 1745 622 1792 quem
640 1732 688 1781 ium
707 1748 794 1783 manus

199 1822 281 1856 omnis

13 1895 14 1898 ’
100 1885 200 1936 Fraude
210 1887 258 1935 loci
265 1894 291 1935 et
301 1887 388 1944 noetis,
399 1887 480 1936 subito
489 1888 604 1937 turbante
616 1889 730 1952 tumultu,

102 1965 254 2032 Oppressum
264 1968 329 2031 rupit
340 1974 366 2015 et
376 1975 504 2016 conantem
513 1968 620 2032 plurime
630 1969 730 2018 frustrer

101 2048 168 2108 Quid
179 2048 273 2096 facist?
290 2063 340 2111 qus
350 2049 375 2094 vi
385 2048 504 2109 iuvenem,
515 2049 604 2112 quibus
615 2048 705 2097 sudent
719 2051 793 2098 armis

102 2128 226 2193 Eripere?
243 2143 276 2177 su
286 2143 339 2176 sese
351 2127 444 2176 medios
453 2129 586 2176 moriturus
598 2128 624 2174 in
633 2143 704 2176 enses

102 2207 197 2256 Inferet
218 2215 244 2256 et
251 2207 379 2272 pulchram
389 2215 502 2272 properet
512 2224 557 2272 per
566 2207 664 2256 volnere
671 2209 792 2258 mortem?

103 2286 177 2336 Ocius
188 2287 294 2336 adducto
306 2295 423 2351 torquens
434 2287 522 2336 hastile
533 2287 632 2346 leoerto,

102 2365 244 2433 Suspiciens
255 2359 331 2416 ullum
344 2367 450 2430 Lunum,
461 2375 486 2418 et
501 2369 536 2414 sio
547 2381 605 2415 vooe
614 2374 745 2430 precetur:

102 2446 151 2508 Tu,
162 2447 218 2509 deu,
228 2454 257 2496 tu
267 2462 383 2512 praesens
393 2457 477 2494 nostro
488 2461 602 2494 succurre
612 2447 699 2508 labori,

105 2527 238 2577 Astrorum
249 2527 325 2575 decus
335 2534 361 2574 et
370 2541 497 2574 nemorum
508 2525 613 2575 Lstonis
624 2533 723 2592 ousms3

14 2639 15 2666 ἶ
103 2605 130 2653 Si
140 2621 190 2669 qus
199 2607 250 2654 tuis
261 2619 378 2668 umquem
388 2619 434 2669 pro
443 2620 483 2652 me
492 2613 563 2669 puter
574 2605 701 2670 Hyrtacus
712 2604 761 2653 nris

13 2671 15 2730 ?
102 2682 174 2732 Dona
185 2685 253 2745 tulit,
265 2684 287 2732 si
297 2698 347 2746 qus
357 2685 409 2748 ipse
419 2684 480 2732 meis
491 2684 619 2733 venatibus
631 2685 699 2744 suxi,

103 2761 256 2829 Suspendive
267 2763 336 2812 tholo
354 2771 399 2814 sut
409 2779 479 2814 suere
489 2763 521 2812 sd
531 2764 632 2829 lastigie
641 2763 695 2828 fixi,
