2110 3540
246 395 292 436 218
388 388 620 431 ANTHOLOGIA
647 390 792 432 LATINA.

246 482 331 554 Aureo
341 488 480 530 sanctorum
490 484 626 546 potuissent
635 484 727 547 temple
735 483 840 532 deorum

276 559 366 622 Urere,
377 576 439 625 quse
450 569 545 610 tentum
556 564 695 612 sustinuere
705 563 783 614 nefss.

244 639 345 688 Avertit
353 641 435 689 vultus
446 641 533 704 Erycis
544 657 607 704 quse
617 642 724 707 possidet
735 658 811 694 erues.

278 718 341 768 Sunt
352 734 456 784 quoque,
468 721 512 784 qui
524 720 635 770 lacrimas
646 723 794 770 continuisse
804 730 904 787 negent

247 798 296 846 Sed
306 806 388 847 tumen
398 799 444 848 hoc
454 799 548 860 melius,
559 815 633 864 quem
643 801 665 848 si
674 798 798 850 Phaeacia
808 801 880 851 tellus

276 879 392 944 Ignotum
402 879 445 928 vili
456 881 621 944 supposuisset
630 880 712 928 humo.

246 957 312 1005 Hinc
322 963 388 1006 certe
397 951 507 1005 medidus
517 957 634 1021 fugientis
645 958 734 1020 pressit
744 957 831 1007 ocellos

277 1035 368 1097 Meter,
378 1042 404 1085 et
413 1037 439 1084 in
449 1037 543 1085 cineres
553 1037 640 1085 ultime
650 1037 714 1086 done
724 1037 795 1086 tulit:

245 1115 310 1163 Hinc
321 1130 389 1164 soror
399 1117 425 1163 in
436 1123 530 1180 purtem
542 1117 631 1166 misere
641 1131 698 1165 cum
705 1129 784 1166 matre
795 1116 885 1167 doloris

277 1194 362 1255 Venit,
373 1197 498 1245 monnutss
508 1196 628 1248 duacum
637 1212 731 1247 comss:

245 1272 357 1338 Cumque
366 1276 416 1324 tuis
427 1291 472 1324 sue
482 1277 616 1325 iunxerunt
625 1275 785 1340 Nemesisque
793 1277 910 1341 priorque

277 1353 375 1416 Oscula,
387 1370 433 1404 nee
444 1354 507 1404 solos
519 1355 651 1404 destituere
660 1371 741 1420 rogos.

245 1433 318 1482 Delie
327 1433 474 1484 descendens
485 1435 610 1484 ‘felicius’
620 1435 701 1498 inquit
711 1435 718 1462 ‘
727 1441 810 1484 emate

277 1512 336 1562 Sum
347 1511 399 1560 tibi
432 1512 535 1571 Vixisti,
544 1513 602 1562 dum
612 1520 670 1562 tuus
682 1515 746 1578 ignis
755 1514 839 1563 erem?

244 1593 292 1643 Cui
300 1593 412 1641 Nemesis
419 1594 427 1620 ‘
433 1593 505 1656 qnid’
512 1595 548 1641 uit
556 1594 615 1642 ‘tibi
621 1601 679 1642 sunt
685 1594 836 1643 meedsmnu
842 1593 934 1643 dolori?

276 1672 319 1721 Me
330 1672 409 1720 tenuit
419 1673 524 1721 moriens
534 1671 662 1722 deficiente
673 1675 765 1721 menu'

245 1751 272 1800 Si
283 1758 388 1801 tumens
398 1752 469 1800 nobis
479 1751 572 1816 aliquid
583 1754 632 1802 nisi
642 1768 730 1802 nomen
739 1760 765 1802 et
774 1752 861 1802 umbre

277 1831 373 1893 Restat,
382 1832 409 1879 in
419 1831 505 1896 Elysia
515 1831 577 1880 velle
588 1833 700 1882 Tibullus
711 1835 768 1882 erit.

245 1911 338 1961 Obvius
346 1912 404 1961 huic
415 1913 508 1974 venies,
518 1912 610 1961 hedera
619 1912 741 1961 iuvenalis
750 1913 845 1962 cinctus

277 1991 406 2056 Tempore,
418 2007 474 2040 oum
483 1991 568 2048 Calvo,
583 1991 652 2040 docte
663 1991 768 2053 Catulle,
778 1997 830 2040 tuo.

245 2073 286 2121 Tu
296 2088 402 2136 qnoque,
412 2074 433 2122 si
443 2072 531 2122 fulsum
541 2081 580 2122 est
589 2074 702 2121 temerati
711 2073 804 2120 crimen
816 2072 898 2134 amici,

277 2152 408 2217 Sanguinis
417 2159 492 2216 etque
502 2154 599 2202 enimse
609 2153 711 2217 prodige
723 2151 795 2202 Galle
805 2157 869 2200 tnue.

246 2233 293 2281 His
302 2247 382 2280 comes
392 2231 480 2280 umbre
486 2239 530 2282 tue
540 2240 584 2282 est.
618 2231 694 2296 Siqua
701 2238 739 2281 est
745 2231 818 2281 modo
825 2234 937 2298 corporis

338 2310 435 2372 umbro,

277 2391 380 2439 Auxisti
391 2405 512 2454 numeros,
522 2391 588 2440 culte
598 2391 705 2453 libnlle,
715 2391 776 2455 pios.

245 2472 308 2522 Osse
319 2471 412 2534 quiete,
421 2485 516 2533 precor,
526 2477 581 2521 tute
590 2471 735 2534 requiescite
745 2470 772 2519 in
782 2483 855 2526 urus,

276 2550 310 2600 lu
318 2549 351 2599 sit
361 2548 451 2598 humus
460 2550 537 2600 cineri
547 2564 597 2599 non
606 2563 709 2599 onerose
716 2550 774 2598 tuo!

605 2633 672 2694 Eleu.
683 2630 719 2678 ix.
732 2633 800 2694 1-20;
819 2631 902 2678 39·68.
