2054 3546
209 326 241 382 ³⁶
351 317 584 362 Anrncnceu
606 318 752 362 nerins.

211 414 334 476 Stansque
343 413 463 462 iacentem
474 429 501 462 se
511 413 615 461 lacerari
626 414 696 462 urire
707 412 800 463 dolore.

210 496 276 545 Nam
288 497 309 544 si
319 495 345 543 in
356 503 434 544 mone
443 495 560 544 malumst
568 494 641 542 malis
647 509 783 558 morsuque
792 495 907 545 ferarum

211 577 332 637 Tractari,
343 591 392 624 non
402 577 501 624 invenio
512 576 555 639 qui
567 591 616 624 non
626 576 660 624 sit
670 576 788 623 acerbum

211 658 315 720 Ignibus
325 658 457 721 inpositum
468 656 554 705 calidis
564 664 699 704 torrescere
705 656 812 706 flammis

211 741 267 788 Aut
277 741 303 786 in
314 738 386 786 melle
398 739 472 794 situm
484 737 599 786 suffocari
608 745 683 800 atque
693 738 775 799 rigere

212 821 324 882 Frigore,
332 835 388 867 cum
399 835 494 868 summo
504 817 580 883 gelidi
590 818 663 866 cubat
675 833 780 881 aequore
792 821 858 880 saxi,

212 900 336 964 Urgerive
347 917 453 965 superne
463 900 582 949 obtritum
592 899 699 963 pondere
710 908 799 950 terrae.

245 987 252 1012 ‘
262 983 316 1032 Iam
326 984 374 1030 iam
380 998 430 1030 non
437 981 522 1030 domus
530 982 632 1044 accipiet
639 988 663 1027 te
670 979 744 1040 laeta,
753 997 835 1044 neque
842 997 911 1032 uxor·

212 1066 313 1130 Optima
324 1079 368 1112 uec
379 1063 461 1113 dulces
471 1069 598 1111 occurrent
608 1060 692 1109 oscula
702 1062 755 1109 nati

212 1146 358 1208 Praeripere
366 1151 392 1192 et
402 1144 478 1192 tacita
488 1149 574 1206 pectus
584 1139 712 1188 dulcedine
723 1148 838 1204 tangent.

214 1227 272 1276 Non
282 1227 373 1290 poteris
385 1224 457 1273 factis
467 1222 611 1271 florentibus
622 1237 683 1282 esse,
694 1223 794 1284 tuisque

216 1307 377 1358 Praesidium.
410 1305 503 1353 Misero
513 1304 608 1351 misere'
620 1304 691 1350 aiunt
700 1303 797 1350 ‘omnia
807 1302 904 1353 ademit

216 1389 273 1438 Una
284 1388 336 1436 dies
346 1386 437 1435 infesta
447 1385 493 1433 tibi
504 1391 539 1433 tot
551 1383 661 1447 praemia
671 1382 753 1430 vitae?

216 1469 281 1516 lllud
291 1469 317 1514 in
328 1466 367 1514 his
378 1466 452 1514 rebus
465 1480 514 1512 non
525 1463 619 1511 addunt
630 1465 690 1510 ‘nec
700 1462 746 1510 tibi
756 1477 845 1510 earnm

213 1549 269 1596 Iam
281 1546 430 1594 desiderium
442 1559 524 1593 rerum
536 1558 610 1607 super
621 1543 710 1591 insidet
722 1541 789 1592 una'

216 1626 288 1687 Quod
299 1627 360 1674 bene
371 1628 392 1675 si
402 1627 502 1674 videant
512 1626 592 1673 animo
602 1625 722 1687 dictisque
733 1631 881 1688 sequantur,

216 1707 361 1756 Disscluant
371 1707 448 1755 animi
458 1721 548 1770 magno
560 1721 586 1754 se
597 1720 689 1770 angore
700 1712 825 1768 metuque.

217 1791 223 1815 ‘
234 1787 274 1835 'ru
285 1787 384 1850 quidem
395 1797 424 1836 ut
435 1803 462 1836 es
472 1788 522 1836 leto
532 1787 635 1850 sopitus,
646 1787 680 1833 sic
691 1787 740 1833 eris
751 1787 806 1834 aeri

217 1868 289 1928 Quod
300 1877 411 1932 superest
422 1870 516 1932 cunctis
527 1867 634 1932 privatu'
645 1867 770 1916 doloribus
782 1869 866 1933 aegris
876 1889 884 1932 3

217 1949 255 1996 At
265 1964 310 1997 nos
320 1949 435 1998 horrifico
445 1949 591 1998 cinefactum
602 1956 627 1996 te
637 1962 713 2012 prope
723 1947 796 1996 bustc

217 2027 393 2078 insatiabiliter
403 2029 553 2089 deflevimus,
565 2036 740 2092 aeternumque

217 2106 295 2156 Nulla
305 2109 356 2158 dies
367 2110 437 2159 nobis
447 2125 582 2158 maerorem
592 2125 606 2157 e
618 2117 715 2174 pectore
726 2108 824 2158 demet)

218 2185 285 2237 Illud
296 2189 327 2237 ab
338 2188 384 2238 hoc
396 2192 472 2254 igitur
483 2190 649 2253 quaerendum
661 2199 706 2250 est,
718 2189 777 2252 quid
788 2190 820 2238 sit
831 2193 912 2249 amari

217 2266 300 2316 Tanto
310 2284 392 2332 opere,
400 2270 431 2318 ad
442 2286 554 2319 somnum
562 2272 629 2320 sires
637 2270 702 2318 redit
709 2278 784 2332 atque
793 2273 911 2334 quietem,

217 2345 270 2394 Cur
281 2352 412 2412 quisquam
423 2360 522 2399 aeterno
532 2353 609 2416 possit
620 2351 743 2400 tabescere
755 2350 833 2400 luctu.

249 2425 305 2476 Hoc
315 2431 390 2478 etiam
400 2431 494 2479 faciunt
505 2433 548 2481 ubi
558 2432 703 2482 discubuere
714 2439 849 2494 tenentque

215 2500 310 2554 Pocula
321 2521 394 2572 saepe
405 2507 514 2558 homines
524 2519 549 2559 et
559 2509 702 2558 inumbrant
711 2524 755 2556 ora
765 2509 871 2571 coronis,

214 2581 256 2630 Ex
263 2587 347 2636 animo
356 2597 385 2638 ut
392 2589 474 2638 dicant
486 2590 578 2648 ‘brevis
586 2591 625 2638 hic
632 2597 670 2638 est
677 2589 772 2637 fructus
780 2590 911 2655 homullis3

212 2659 269 2709 Iam
281 2664 358 2715 fuerit
369 2684 448 2732 neque
459 2678 515 2732 post
526 2686 642 2734 umquam
656 2685 769 2718 revocare
781 2670 881 2721 licebit?

212 2739 357 2807 Tamquam
368 2750 392 2798 in
404 2763 482 2798 morte
494 2751 552 2799 mali
563 2769 618 2800 cum
629 2753 714 2815 primis
724 2751 770 2800 hoc
779 2753 810 2799 sit
818 2768 912 2812 eorum,
