2070 3542
373 369 603 412 ANTHOLOGIA
630 370 774 414 LATINA.
863 371 866 378 '

544 548 597 584 011.

500 651 540 705 To
554 653 648 706 Pollio.

236 758 348 851 *pff*
357 761 456 810 OTUM
468 777 500 810 ex
513 762 613 812 Metello
623 763 753 812 consule
732 763 835 812 civicum

236 808 268 925 ip
289 832 292 845 ¹
304 810 347 946 ΥΕ
372 842 484 906 Bellique
495 859 581 892 causas
592 852 617 892 et
626 845 686 892 vitia
696 852 721 894 et
731 843 816 892 modos

254 922 274 987 ᾖ
289 876 350 987 ‘ll
404 923 550 986 Ludumque
562 924 687 972 Fortunae
698 925 830 988 gravisque

352 1002 495 1066 Principum
506 1003 625 1052 amicitias
635 1013 661 1052 et
671 1019 741 1052 arma

290 1082 405 1130 Nondum
417 1084 522 1147 expiatis
531 1091 605 1132 uncta
615 1084 751 1146 cruoribus,

289 1161 443 1210 Periculosae
454 1163 552 1225 plenum
563 1179 624 1227 opus
635 1161 712 1225 aleae,

321 1241 424 1291 'Insctas
434 1250 460 1291 et
469 1242 560 1290 incedis
572 1259 615 1306 per
625 1245 696 1308 ignes

355 1321 499 1386 Suppositos
509 1323 585 1371 cineri
596 1323 685 1372 doloso.

290 1403 394 1451 Paulum
407 1418 505 1450 severae
515 1403 589 1451 Musa
600 1404 741 1468 tragoediae

290 1483 361 1530 Desit
372 1482 492 1530 theatris:
508 1497 567 1530 mox
579 1483 621 1531 ubi
631 1483 741 1546 publicas

322 1561 372 1609 Res
383 1561 514 1620 ordinaris,
526 1563 618 1625 grande
630 1579 718 1611 munus

353 1639 471 1704 Cecropio
481 1649 577 1706 repetes
588 1643 717 1704 cothurno,

290 1719 390 1784 Insigne
400 1722 500 1768 maestis
511 1722 660 1784 praesidium
671 1724 719 1770 reis

290 1800 323 1848 Et
333 1801 476 1857 consulenti,
488 1799 575 1858 Pollio,
586 1803 678 1862 curiae,

322 1879 370 1929 Oui
380 1880 464 1928 laurus
475 1888 587 1930 aeternos
597 1882 701 1930 honores

354 1960 491 2009 Delmatico
501 1964 597 2024 peperit
607 1962 739 2024 triumpho.

291 2041 343 2088 Iam
354 2056 420 2088 nunc
430 2041 519 2088 mineci
530 2057 654 2090 murmure
665 2056 783 2090 cornuum

291 2118 442 2182 Perstringis
452 2135 532 2180 aures,
543 2121 593 2168 iam
603 2121 658 2170 litui
669 2128 796 2185 strepunt=

322 2199 377 2246 lam
388 2199 470 2262 fulgor
481 2214 606 2248 armorum
617 2201 713 2266 fugacis
729 2229 733 2236 -

356 2275 445 2325 Terret
455 2293 530 2340 equos
541 2281 701 2342 multumque
713 2279 800 2328 vultus·

291 2356 388 2405 Audire
398 2372 500 2420 magnos
511 2358 560 2404 iam
572 2360 655 2408 videor
667 2360 740 2408 duces

291 2437 349 2486 Nou
358 2438 470 2486 indecoro
480 2438 579 2502 pulvere
591 2441 709 2500 sordidos,

322 2519 356 2568 Et
365 2527 453 2567 cuncta
462 2526 585 2566 terrarum
596 2521 698 2569 subacta

350 2599 453 2647 Praeter
463 2605 571 2646 atrocem
583 2601 691 2648 animum
703 2598 811 2649 Catonis

264 2678 335 2738 Iuno,
345 2685 372 2728 et
381 2679 482 2727 deorum
493 2679 605 2740 quisquis
616 2681 717 2728 amicior

264 2757 335 2808 Afris
345 2759 424 2808 inulta
433 2765 540 2808 cesserat
549 2760 671 2823 impotens
