2098 3546
401 393 556 438 suarius.
776 403 823 458 ²⁸9

136 484 203 535 Hine
214 484 332 541 homines,
346 485 444 556 tandem
461 485 549 536 dubiae
567 486 646 550 plaeet
665 486 760 543 umbra,
780 502 823 534 no-

231 579 315 627 visque

136 644 190 692 vix
200 643 268 692 stetit
278 643 304 690 in
315 642 390 690 muris
399 647 425 690 et
435 642 546 706 protinus
557 641 630 690 arbor
641 648 746 693 amatur.

167 722 257 771 Altera
267 721 367 770 oonsilio
379 729 497 784 superest,
509 722 651 785 tristemque
662 721 750 786 fatigat

137 802 204 852 Cura
214 801 293 862 deam,
304 808 390 849 natum
399 801 454 864 ipsa
465 802 520 848 sinu
530 799 656 864 complexa
666 815 711 864 per
721 800 808 859 undas,

137 883 181 932 An
191 897 280 946 magno
290 880 391 928 Tritone
400 880 464 929 ferat
475 887 608 943 ventosque
620 881 729 930 volueres

137 960 257 1018 Advoeet,
267 975 300 1008 an
309 959 397 1024 pelago
407 959 504 1008 solitam
514 959 696 1008 Thaumantida
707 962 780 1024 pasci.

138 1041 211 1089 Elicit
220 1039 276 1088 inde
287 1039 358 1088 iretis
369 1046 395 1088 et
405 1040 498 1088 murice
509 1039 591 1088 frenat
601 1047 673 1088 acuto

139 1120 275 1185 Delphines
286 1119 391 1184 biiuges,
402 1134 463 1182 quos
474 1118 509 1167 illi
519 1119 628 1166 maxima
638 1118 724 1167 Tethis

140 1200 246 1264 Gurgite
256 1199 373 1249 Atlanteo
384 1199 465 1264 pelagi
474 1200 519 1248 suh
529 1199 591 1248 valle
602 1213 690 1248 sonora

139 1279 275 1330 Nutrierat.
307 1279 389 1329 Nullis
400 1279 462 1328 vada
474 1294 518 1343 per
529 1279 653 1344 Neptunia
664 1279 765 1344 glaucae

141 1360 235 1408 'l'antus
245 1359 324 1408 honor
334 1359 426 1407 formae
437 1359 560 1421 nandique
570 1359 687 1422 potentie,
698 1373 742 1407 nec
752 1359 808 1422 plus

141 1439 251 1488 Pectoris
259 1439 376 1503 humani3
394 1439 462 1488 iubet
472 1439 516 1487 hos
527 1439 658 1487 subsistere
668 1438 739 1503 pleno

141 1518 234 1580 Litore,
244 1535 275 1568 ne
285 1520 364 1568 nudae
374 1525 478 1567 noceant
488 1519 601 1583 contagia
612 1525 698 1567 terrae.

142 1599 201 1663 Ipsa
211 1597 298 1647 dehinc
309 1605 360 1647 toto
371 1598 506 1647 resolutum
517 1603 615 1661 pectore
624 1597 747 1646 Achillem

143 1679 226 1739 -Qui
235 1680 317 1744 pueris
329 1679 561 1743 sopor-Haemonii
572 1678 602 1727 de
613 1679 715 1742 rupibus
725 1679 790 1726 antri

143 1758 187 1808 Ad
197 1759 304 1823 placidas
314 1758 427 1823 deportet
437 1774 514 1822 aquas
524 1767 550 1808 et
559 1761 625 1806 iussa
635 1765 716 1806 tepere

143 1839 236 1888 litora
257 1857 260 1862 ·
270 1837 392 1887 Monstrat
403 1841 450 1888 iter
460 1845 511 1888 toto
522 1854 585 1902 quae
595 1839 697 1888 fulserat
707 1839 765 1886 orbe

144 1919 267 1982 Cynthia3
284 1920 441 1982 prosequitur
452 1919 532 1968 divam
541 1918 681 1981 celeresque
692 1933 805 1966 recursus

146 1996 251 2046 Securus
261 1997 342 2062 pelagi
353 1997 445 2046 Chiron
455 2005 535 2062 rogat,
546 1997 643 2060 udaque
654 1997 717 2045 celat

147 2077 251 2125 Lumine
258 2083 284 2125 et
294 2077 411 2140 abreptos
422 2077 503 2126 subito
514 2079 563 2126 iam
574 2078 671 2139 iamque
682 2077 784 2124 latentes

146 2158 236 2206 Ereeto
245 2165 383 2221 prospectat
393 2173 464 2220 equo,
475 2173 525 2221 qua
534 2173 596 2206 cana
606 2173 736 2222 parumper

148 2237 269 2303 Spumant
279 2239 350 2302 signa
358 2237 432 2302 fugae
442 2246 468 2286 et
477 2239 571 2302 liquido
580 2238 645 2303 perit
654 2237 734 2286 orbita
745 2243 826 2300 ponto.

147 2319 222 2367 Illum
233 2332 282 2365 non
292 2317 353 2366 olias
363 2318 497 2366 rediturum
507 2317 539 2366 ad
550 2317 669 2366 'Ihessala
681 2316 772 2380 Tempe

148 2399 202 2448 Iam
213 2399 290 2446 tristis
301 2396 400 2454 Pholoe,
412 2398 460 2446 iam
471 2397 568 2446 nubilus
578 2398 680 2462 ingemit
690 2397 793 2460 Othrys,

149 2479 183 2527 llt
193 2478 274 2526 tenuis
286 2477 415 2542 Sperchios
425 2479 495 2540 aquis
505 2476 667 2541 speluncaque
677 2477 742 2525 docti

149 2557 224 2607 Muta
233 2558 305 2604 senis,
337 2555 466 2615 Quaerunt
475 2557 581 2620 puerilia
591 2557 700 2604 earmina
711 2555 799 2616 Fauni,

151 2635 186 2684 Et
197 2644 295 2700 sperata
305 2635 347 2684 diu
358 2635 455 2699 plorant
465 2635 569 2684 conubia
580 2634 720 2699 Nymphae.

661 2731 684 2764 v.
696 2719 807 2764 all-241.

492 2882 511 2918 U
