2110 3540
255 353 301 396 2²6
405 344 634 389 ANTHOLOGJA
660 345 803 389 LATINA.

254 439 349 501 Noluit,
360 453 423 502 eque
435 439 506 487 domo
517 453 606 487 vacuas
617 438 698 486 emisit
709 439 735 486 in
746 453 826 486 auras.

253 519 342 567 Editus
353 519 380 566 in
390 518 469 566 lucem
480 519 555 567 iacuit
566 519 618 567 sine
629 518 720 567 viribus
731 518 828 566 infense

253 598 315 646 Mox
322 598 471 662 quadrupes,
478 599 577 660 rituque
584 597 642 646 tulit
650 613 696 645 sua
701 598 811 646 membra
819 597 937 647 terarum:

254 676 426 741 Paulatimque
437 683 543 725 tremens
554 683 579 726 et
588 677 696 726 nondum
704 677 796 740 poplite
806 676 877 724 firmo

254 754 380 818 Constitit,
392 756 482 805 adiutis
493 755 576 820 aliquo
586 758 712 805 conamine
722 757 811 805 nervis.

255 835 316 884 Inde
327 836 410 885 valens
422 836 541 900 veloxque
552 836 608 897 fuit,
620 836 774 900 spatiumque
785 837 897 884 iuventae

255 915 365 976 Transit,
376 923 401 964 et
411 917 520 965 emeritis
530 916 604 964 medii
615 931 711 979 quoque
721 917 838 979 temporis
848 917 918 966 aunis

254 995 359 1045 Labitur
369 996 483 1045 occiduae
492 1012 537 1060 per
546 997 594 1046 iter
604 996 694 1044 declive
704 1003 821 1044 senectae.

256 1076 358 1125 Subruit
367 1077 428 1124 haec
439 1079 491 1125 cevi
503 1076 680 1141 demoliturque
691 1077 779 1140 prioris

256 1155 356 1203 Robora
366 1175 372 1204 ι
392 1154 484 1218 llctque
494 1154 574 1204 Milon
583 1155 671 1216 senior,
682 1170 737 1203 cum
748 1160 842 1217 spectat
851 1155 935 1204 inanes

255 1235 324 1296 Illos,
334 1239 376 1300 qui
387 1235 484 1283 fuerant
495 1234 700 1290 solidorummole
710 1241 819 1283 tororum

257 1314 386 1364 Herculeis
398 1314 497 1377 similes,
508 1314 595 1364 fluidos
606 1315 710 1379 pendere
721 1315 830 1366 lacertos.

258 1391 314 1439 Flet
324 1405 430 1454 quoque,
440 1396 469 1438 ut
479 1392 506 1439 in
517 1390 615 1454 speculo
626 1405 700 1455 rugus
711 1393 807 1454 aspexit
818 1391 902 1451 aniles,

257 1469 389 1532 Tyndaris,
400 1475 425 1517 et
435 1485 526 1530 secum,
536 1485 580 1518 cur
592 1471 625 1518 sit
633 1469 671 1518 bis
682 1476 762 1532 rapta,
773 1471 885 1536 requirit.

258 1546 367 1611 Tempus
377 1547 443 1596 edax
453 1563 543 1608 rerum,
554 1555 631 1612 tuque
641 1549 762 1597 invidiosa
772 1555 891 1610 vetustus,

259 1626 348 1675 Omnia
358 1627 494 1690 destruitis,
505 1628 639 1692 vitiataque
649 1629 763 1678 dentibus
773 1630 826 1677 aevi

258 1705 381 1755 Paulatim
392 1705 458 1755 lenta
468 1708 609 1758 consumitis
619 1710 701 1757 omnia
709 1715 796 1759 morte.

721 1803 744 1838 v.
757 1793 867 1838 los-236.

573 1937 642 1974 ouxr.

483 2031 620 2112 Fastorum
632 2031 689 2083 Lib.
701 2029 728 2085 ii.

542 2147 670 2200 Lucretia.

291 2572 413 2625 Lnditur
406 2590 432 2623 ιιι
442 2576 537 2632 castris,
547 2575 598 2624 otia
608 2575 677 2624 miles
687 2578 748 2642 agit.

260 2652 410 2718 Tarquinius
424 2654 517 2703 iuvenis
527 2656 604 2704 socios
615 2655 766 2720 dapibusque
776 2669 893 2720 meroque

290 2729 404 2796 Accipit3
420 2745 452 2780 ex
463 2730 511 2780 illis
518 2745 576 2796 rege
586 2739 682 2781 dream
691 2734 726 2781 ait
736 2751 742 2782 r
