2098 3546
295 385 297 392 ’
328 381 329 390 ’
379 381 556 438 LUCANUS.
760 395 806 452 ²⁶⁵

116 488 233 537 Vulturis
243 492 272 538 nt
281 487 388 552 primum
397 487 467 536 laevo
477 487 580 536 fundata
589 485 673 536 volatu

114 567 236 616 Romulus
243 566 329 616 infami
339 568 470 632 complevit
479 568 576 616 moenia
584 567 649 624 luen,

114 647 202 712 Usque
213 647 246 696 ad
256 647 409 698 'lbessalieas
420 649 543 711 servisses,
554 647 640 704 Roma,
651 645 743 694 ruinas,

575 731 611 778 lt.
623 743 646 778 v.
660 731 772 776 sel-439.

292 891 294 897 '
387 887 524 924 cumvn.

397 991 527 1065 Tlessaly.

132 1092 228 1187 ms
239 1115 423 1181 nnsssms,
433 1117 530 1182 merx,
540 1133 590 1184 quo
600 1125 670 1169 ane
681 1120 786 1169 semine

135 1213 147 1237 v
160 1200 169 1221 κ’
186 1196 209 1243 'i'

144 1242 146 1245 ,
164 1220 211 1251 :Q
220 1214 229 1245 l

120 1238 234 1325 :4²2th

254 1276 360 1328 laesisti
367 1293 476 1344 superos,
483 1285 543 1328 utte
549 1285 587 1329 tot
592 1281 713 1329 mortibus
721 1296 805 1341 unam,

111 1357 286 1407 Totseelerum
292 1359 516 1424 fatispramerent?
533 1358 606 1420 Quod
615 1361 704 1410 sufficit
711 1376 798 1410 aevum

111 1437 244 1487 Immemor
254 1445 283 1488 ut
293 1439 368 1489 donet
378 1439 437 1488 belli
448 1437 494 1489 tibi
505 1439 594 1488 damna
604 1441 734 1490 vetustas?

111 1517 183 1577 Quae
193 1533 263 1584 seges
272 1518 365 1568 inlecta
374 1526 461 1584 surget
470 1535 520 1568 non
530 1519 627 1569 desolor
636 1520 733 1570 herba?

112 1598 170 1658 Quo
179 1613 229 1647 nou
241 1598 365 1648 Romanos
375 1599 478 1666 violabis
488 1615 586 1650 vomere
595 1601 699 1650 menes?

110 1679 180 1728 Ante
191 1693 267 1728 novae
276 1681 376 1728 venient
386 1681 459 1742 seles,
471 1679 605 1745 seelerique
617 1682 725 1731 seeundo

110 1757 254 1808 Praestabis
263 1758 372 1807 noudum
383 1759 459 1808 siccos
468 1759 514 1808 hoe
525 1763 645 1826 sanguine
655 1775 761 1827 campos.

110 1838 201 1888 Omnis
211 1839 331 1887 maiorum
343 1845 467 1890 vertamus
476 1839 549 1890 busta
557 1840 648 1901 licebit

111 1919 145 1968 ln
155 1926 249 1968 stantes
258 1919 375 1982 tumulos,
385 1926 411 1969 et
421 1921 464 1982 qui
474 1921 556 1970 radies
566 1929 664 1971 vetusta

110 1999 228 2048 Effudere
238 1999 384 2062 suse'victie
394 2000 563 2065 eompsgibus,
573 2017 650 2051 urnas
660 2019 668 2051 τ

110 2077 173 2129 Plus
182 2079 291 2128 cinerum
303 2079 454 2128 Haemoniae
465 2080 539 2129 sulcis
550 2080 647 2130 telluris
657 2087 751 2146 aratur,

110 2159 237 2223 Pluraque
248 2159 363 2208 rurieolis
373 2159 497 2208 feriuntur
507 2161 621 2211 dentibus
632 2177 696 2212 ossa.

110 2238 202 2288 Nullus
212 2238 244 2288 ab
252 2238 370 2288 Emathio
380 2239 510 2304 religasset
519 2239 591 2290 litore
601 2241 686 2291 funem

109 2319 211 2381 Navita,
221 2334 267 2368 nee
277 2327 369 2368 terram
381 2321 512 2384 quisquam
522 2327 636 2372 movisset
649 2329 741 2383 arator,

110 2398 217 2448 Romani
228 2400 327 2449 bustum
337 2399 422 2465 populi
433 2418 439 2450 ι
456 2400 620 2467 fugerentque
631 2403 711 2452 coloni

109 2478 263 2528 Umbrarum
272 2495 372 2545 campos
383 2499 390 2530 ε
406 2480 523 2546 gregibus
534 2482 635 2532 dumeta
645 2491 772 2536 carerentt

108 2558 248 2624 Nullusque
260 2559 361 2608 auderet
370 2561 455 2625 pecori
464 2563 606 2626 permittere
616 2570 701 2626 paster

11 2705 12 2710 1
108 2637 210 2686 Vellere
221 2647 363 2704 surgentem
374 2639 405 2689 de
414 2641 505 2689 nostris
516 2641 613 2691 ossibus
623 2641 740 2706 herbam3

110 2718 159 2774 Ae,
169 2718 237 2767 velut
248 2720 378 2783 impatiens
388 2720 524 2778 hominum,
532 2721 570 2770 vel
581 2721 638 2770 solis
648 2721 727 2784 iniqui

110 2795 211 2858 Limite,
223 2799 265 2847 vel
275 2800 362 2862 glaeie,
373 2800 441 2850 nuda
451 2807 526 2858 atque
536 2802 622 2866 ignota
632 2802 733 2861 iseeres,
