2110 3540
412 388 513 431 0V1D1
518 388 566 430 US.
789 401 817 435 21
822 401 835 447 5

147 481 218 529 Nunc
229 480 281 530 ruis
291 479 402 543 adposito
411 479 509 528 nivibus
520 479 643 528 remonte
655 477 750 539 solutis,

177 560 210 608 Et
220 559 286 624 tmpi
296 574 391 608 massas
403 560 501 625 gurgite
511 558 588 607 volvis
598 572 684 620 equas.

147 639 212 700 Quid
222 654 367 705 properasse
377 640 455 699 iurat,
466 638 527 702 quid
535 653 610 702 parca
621 637 717 686 dedisse
727 636 805 700 quieti

177 720 309 784 Tempora,
320 718 379 782 quid
390 719 456 768 nocti
466 719 616 768 conseruisse
626 717 699 778 diem,
727 716 731 726 '

146 799 172 848 Si
183 806 266 848 tamen
275 799 316 847 hic
327 798 441 847 standum
450 804 496 860 esi,
505 799 526 846 si
536 813 585 847 non
595 797 669 846 datur
677 796 772 846 artibus
779 795 836 844 ullis

177 878 287 928 Ulterior
296 886 380 927 nostro
390 880 445 942 ripa
455 877 587 942 premenda
597 877 653 941 pedi
662 877 674 924 l

146 958 219 1006 Nunc
229 973 275 1022 ego
285 973 347 1021 quas
357 956 444 1006 hebuit
454 959 543 1021 pinnas
553 957 679 1004 Danaeius
690 955 772 1016 heros,

178 1037 293 1086 Terribili
304 1037 406 1086 densum
415 1053 471 1086 cnm
482 1037 540 1086 tulit
550 1051 630 1101 angue
640 1042 723 1100 ceput,

145 1116 218 1166 Nunc
229 1125 287 1183 opto
296 1134 404 1178 currum,
415 1113 505 1181 dc'quo
517 1116 627 1166 Cerialia
634 1117 740 1179 primum

178 1197 276 1247 Semina
286 1205 405 1248 venerunt
416 1199 443 1246 in
451 1197 514 1246 rude
524 1198 601 1245 missa
611 1195 696 1246 solum.

145 1277 290 1342 Prodigiosa
299 1278 386 1342 loquor
395 1285 507 1326 velerum
516 1276 644 1325 mendacia
653 1282 744 1324 ratum.

92 1382 95 1387 ·
177 1355 231 1406 Nec
240 1357 298 1407 tulit
307 1357 369 1406 haec
377 1372 502 1421 umquam.
513 1372 558 1406 nec
568 1355 632 1404 leret
642 1354 694 1403 ulla
703 1354 763 1402 dies.

145 1437 185 1485 Tu
196 1438 286 1502 potius,
296 1439 357 1503 ripis
366 1437 443 1487 effuse
453 1437 583 1502 capacibus
594 1437 682 1494 amnis,

179 1517 219 1568 Sic
230 1525 343 1568 aeternus
352 1519 507 1568 eas-labsre
517 1519 566 1568 line
577 1519 635 1567 bro!

145 1597 202 1646 Non
210 1598 260 1647 eris
269 1599 386 1660 invidiae,
395 1606 502 1658 torrens,
511 1599 573 1648 mibi
583 1597 665 1659 crede,
675 1595 797 1657 lmendae,

178 1675 205 1725 Si
215 1677 283 1726 dicar
292 1692 337 1742 per
347 1685 372 1727 ts
382 1679 446 1726 forte
455 1685 567 1727 mantus
577 1692 669 1726 amans

140 1757 260 1806 munim
269 1756 385 1806 deberent
393 1757 493 1806 iuvenes
503 1758 529 1806 ln
539 1773 621 1807 amore
631 1759 730 1806 iuraret
793 1793 794 1796 ,

177 1836 291 1884 Flumina
302 1844 431 1885 senserunt
442 1838 505 1900 ipsa,
515 1837 575 1900 quid
585 1844 651 1886 esset
661 1851 738 1886 amor.

145 1917 251 1966 Inachus
262 1917 289 1964 in
299 1917 376 1965 Melie
385 1916 522 1982 Bithynide
533 1917 639 1982 pallidus
649 1917 698 1966 issa

177 1996 276 2046 Dicitur
284 2004 311 2046 el
321 1997 409 2062 gelidis
420 1998 549 2047 incaluisse
557 1997 633 2046 vadia

145 2075 245 2126 Cornua
256 2077 277 2124 si
288 2083 332 2125 tua
341 2091 407 2126 nunc
417 2076 459 2125 ubi
471 2078 528 2139 sini,
539 2075 659 2138 Acheloi,
669 2075 803 2139 requiram,

178 2156 293 2205 Herculis
303 2157 368 2206 bata
377 2156 458 2206 fracta
467 2172 570 2222 querare
580 2172 663 2207 manu.

145 2235 199 2284 Nec
209 2237 273 2285 tanti
283 2235 405 2301 Calydon,
415 2252 460 2286 nec
470 2244 523 2287 tota
533 2237 632 2287 Aetolia
641 2236 705 2286 tanti

177 2315 237 2365 Una
246 2323 329 2366 nmen
338 2316 402 2365 tanti
411 2317 532 2366 Deianira
540 2317 596 2367 fuit.

145 2396 192 2446 Ille
201 2396 280 2446 llucns
290 2396 358 2446 dives
368 2404 469 2462 septena
478 2413 523 2462 per
533 2399 597 2446 ostia
608 2397 689 2458 Nilus,

178 2476 229 2536 Qui
238 2478 344 2541 patriam
355 2484 438 2526 tenue
448 2483 498 2526 tam
509 2476 571 2526 bene
580 2477 644 2526 celat
654 2491 742 2539 aquae,

145 2555 237 2604 Fertur
246 2556 273 2604 in
282 2555 386 2604 Euadne
396 2556 522 2610 collectam
533 2554 640 2620 Asopide
650 2553 774 2603 flammam

178 2635 286 2684 Vincere
296 2635 436 2700 gurgitibus
446 2650 496 2684 non
505 2635 614 2699 potuisse
625 2634 720 2683 suis.—

146 2713 184 2762 Te
194 2728 293 2777 quoque
300 2714 417 2764 credibile
426 2721 465 2763 est
474 2713 558 2778 aliqua
568 2713 671 2762 caluisse
681 2711 778 2776 puella:

179 2792 228 2842 Sed
237 2807 337 2844 nemora
347 2801 372 2843 et
383 2795 457 2843 silvae
467 2794 570 2843 crimina
579 2798 662 2842 restra
672 2798 766 2856 tegunt
