<?xml version="1.0" encoding="UTF-8"?>
<!DOCTYPE html PUBLIC "-//W3C//DTD XHTML 1.0 Transitional//EN"
    "http://www.w3.org/TR/xhtml1/DTD/xhtml1-transitional.dtd">
<html xmlns="http://www.w3.org/1999/xhtml" xml:lang="en" lang="en">
 <head>
  <title>
</title>
<meta http-equiv="Content-Type" content="text/html;charset=utf-8" />
  <meta name='ocr-system' content='tesseract 3.04.00' />
  <meta name='ocr-capabilities' content='ocr_page ocr_carea ocr_par ocr_line ocrx_word'/>
</head>
<body>
  <div class='ocr_page' id='page_1' title='image "./anthologialatin01thacgoog_0104.png"; bbox 0 0 2070 3542; ppageno 0'>
   <div class='ocr_carea' id='block_1_1' title="bbox 238 325 781 426">
    <p class='ocr_par' dir='ltr' id='par_1_1' title="bbox 238 325 781 426">
     <span class='ocr_line' id='line_1_1' title="bbox 238 325 781 426; baseline -0.011 0"><span class='ocrx_word' id='word_1_1' title='bbox 238 383 267 426; x_wconf 84' lang='lat'><strong>82</strong></span> <span class='ocrx_word' id='word_1_2' title='bbox 380 325 613 420; x_wconf 65' lang='lat' dir='ltr'><strong>ltnrffoaooru</strong></span> <span class='ocrx_word' id='word_1_3' title='bbox 640 377 781 421; x_wconf 68' lang='lat' dir='ltr'><strong><em>LATINA.</em></strong></span> 
     </span>
    </p>
   </div>
   <div class='ocr_carea' id='block_1_2' title="bbox 209 469 943 2762">
    <p class='ocr_par' dir='ltr' id='par_1_2' title="bbox 237 469 943 1965">
     <span class='ocr_line' id='line_1_2' title="bbox 237 469 805 534; baseline 0 -16"><span class='ocrx_word' id='word_1_4' title='bbox 237 471 275 518; x_wconf 86' lang='lat' dir='ltr'><strong>At</strong></span> <span class='ocrx_word' id='word_1_5' title='bbox 285 470 385 519; x_wconf 87' lang='lat' dir='ltr'><strong>rabidae</strong></span> <span class='ocrx_word' id='word_1_6' title='bbox 396 471 473 534; x_wconf 81' lang='lat' dir='ltr'><strong>tigres</strong></span> <span class='ocrx_word' id='word_1_7' title='bbox 485 469 576 519; x_wconf 84' lang='lat' dir='ltr'><strong>absunt</strong></span> <span class='ocrx_word' id='word_1_8' title='bbox 586 477 612 518; x_wconf 86' lang='lat' dir='ltr'><strong>et</strong></span> <span class='ocrx_word' id='word_1_9' title='bbox 623 485 696 518; x_wconf 87' lang='lat' dir='ltr'><strong>saeva</strong></span> <span class='ocrx_word' id='word_1_10' title='bbox 706 470 805 518; x_wconf 91' lang='lat' dir='ltr'><strong>leonum</strong></span> 
     </span>
     <span class='ocr_line' id='line_1_3' title="bbox 238 547 851 614; baseline 0.002 -17"><span class='ocrx_word' id='word_1_11' title='bbox 238 548 347 610; x_wconf 81' lang='lat' dir='ltr'>Semina,</span> <span class='ocrx_word' id='word_1_12' title='bbox 356 565 402 598; x_wconf 87' lang='lat' dir='ltr'><strong>nec</strong></span> <span class='ocrx_word' id='word_1_13' title='bbox 411 551 514 600; x_wconf 85' lang='lat' dir='ltr'><strong>miseros</strong></span> <span class='ocrx_word' id='word_1_14' title='bbox 523 547 616 598; x_wconf 85' lang='lat' dir='ltr'><strong>fallunt</strong></span> <span class='ocrx_word' id='word_1_15' title='bbox 627 551 725 598; x_wconf 85' lang='lat' dir='ltr'><strong>aconita</strong></span> <span class='ocrx_word' id='word_1_16' title='bbox 736 550 851 614; x_wconf 81' lang='lat' dir='ltr'><strong>legentis,</strong></span> 
     </span>
     <span class='ocr_line' id='line_1_4' title="bbox 238 628 923 694; baseline 0.001 -17"><span class='ocrx_word' id='word_1_17' title='bbox 238 628 290 678; x_wconf 86' lang='lat' dir='ltr'><strong>Nec</strong></span> <span class='ocrx_word' id='word_1_18' title='bbox 300 631 366 694; x_wconf 80' lang='lat' dir='ltr'><strong>rapit</strong></span> <span class='ocrx_word' id='word_1_19' title='bbox 377 631 499 680; x_wconf 89' lang='lat' dir='ltr'><strong>inmensos</strong></span> <span class='ocrx_word' id='word_1_20' title='bbox 510 629 576 678; x_wconf 87' lang='lat' dir='ltr'><strong>orbis</strong></span> <span class='ocrx_word' id='word_1_21' title='bbox 587 644 632 693; x_wconf 88' lang='lat' dir='ltr'><strong>per</strong></span> <span class='ocrx_word' id='word_1_22' title='bbox 641 629 753 690; x_wconf 90' lang='lat' dir='ltr'><strong>humum,</strong></span> <span class='ocrx_word' id='word_1_23' title='bbox 765 644 847 691; x_wconf 89' lang='lat' dir='ltr'><strong>neque</strong></span> <span class='ocrx_word' id='word_1_24' title='bbox 857 634 923 678; x_wconf 82' lang='lat' dir='ltr'><strong>tanto</strong></span> 
     </span>
     <span class='ocr_line' id='line_1_5' title="bbox 239 706 943 774; baseline 0.003 -18"><span class='ocrx_word' id='word_1_25' title='bbox 239 706 375 772; x_wconf 82' lang='lat' dir='ltr'><strong>Squameus</strong></span> <span class='ocrx_word' id='word_1_26' title='bbox 386 711 413 758; x_wconf 91' lang='lat' dir='ltr'><strong>in</strong></span> <span class='ocrx_word' id='word_1_27' title='bbox 424 711 516 774; x_wconf 85' lang='lat' dir='ltr'><strong>spiram</strong></span> <span class='ocrx_word' id='word_1_28' title='bbox 527 716 609 758; x_wconf 87' lang='lat' dir='ltr'><strong>tractu</strong></span> <span class='ocrx_word' id='word_1_29' title='bbox 632 723 658 756; x_wconf 88' lang='lat' dir='ltr'><strong>se</strong></span> <span class='ocrx_word' id='word_1_30' title='bbox 684 709 783 774; x_wconf 84' lang='lat' dir='ltr'><strong>colligit</strong></span> <span class='ocrx_word' id='word_1_31' title='bbox 795 709 890 773; x_wconf 84' lang='lat' dir='ltr'><strong>anguis.</strong></span> <span class='ocrx_word' id='word_1_32' title='bbox 942 709 943 713; x_wconf 72' lang='grc'>’</span> 
     </span>
     <span class='ocr_line' id='line_1_6' title="bbox 237 787 861 854; baseline 0.002 -20"><span class='ocrx_word' id='word_1_33' title='bbox 237 787 310 836; x_wconf 86' lang='lat' dir='ltr'><strong>Adde</strong></span> <span class='ocrx_word' id='word_1_34' title='bbox 322 795 358 836; x_wconf 84' lang='lat' dir='ltr'><strong>tot</strong></span> <span class='ocrx_word' id='word_1_35' title='bbox 368 790 482 854; x_wconf 83' lang='lat' dir='ltr'><strong>egregias</strong></span> <span class='ocrx_word' id='word_1_36' title='bbox 492 789 567 837; x_wconf 91' lang='lat' dir='ltr'><strong>urbes</strong></span> <span class='ocrx_word' id='word_1_37' title='bbox 577 803 731 852; x_wconf 88' lang='lat' dir='ltr'><strong>operumque</strong></span> <span class='ocrx_word' id='word_1_38' title='bbox 741 787 861 849; x_wconf 89' lang='lat' dir='ltr'><strong>laborem,</strong></span> 
     </span>
     <span class='ocr_line' id='line_1_7' title="bbox 238 864 836 931; baseline 0.002 -18"><span class='ocrx_word' id='word_1_39' title='bbox 238 864 288 914; x_wconf 86' lang='lat' dir='ltr'><strong>Tot</strong></span> <span class='ocrx_word' id='word_1_40' title='bbox 297 874 413 930; x_wconf 85' lang='lat' dir='ltr'><strong>congesta</strong></span> <span class='ocrx_word' id='word_1_41' title='bbox 423 882 498 915; x_wconf 90' lang='lat' dir='ltr'><strong>mauu</strong></span> <span class='ocrx_word' id='word_1_42' title='bbox 508 867 648 931; x_wconf 68' lang='lat' dir='ltr'><strong>praeruptis</strong></span> <span class='ocrx_word' id='word_1_43' title='bbox 659 865 749 928; x_wconf 83' lang='lat' dir='ltr'><strong>oppida</strong></span> <span class='ocrx_word' id='word_1_44' title='bbox 759 865 836 924; x_wconf 83' lang='lat' dir='ltr'><strong>saxis,</strong></span> 
     </span>
     <span class='ocr_line' id='line_1_8' title="bbox 238 945 839 1010; baseline 0 -17"><span class='ocrx_word' id='word_1_45' title='bbox 238 945 402 1010; x_wconf 81' lang='lat' dir='ltr'><strong>Fluminaque</strong></span> <span class='ocrx_word' id='word_1_46' title='bbox 413 948 529 1006; x_wconf 85' lang='lat' dir='ltr'><strong>antiquos</strong></span> <span class='ocrx_word' id='word_1_47' title='bbox 540 945 736 994; x_wconf 84' lang='lat' dir='ltr'><strong>subterlabentia</strong></span> <span class='ocrx_word' id='word_1_48' title='bbox 746 961 839 994; x_wconf 88' lang='lat' dir='ltr'><strong>muros.</strong></span> 
     </span>
     <span class='ocr_line' id='line_1_9' title="bbox 238 1025 928 1090; baseline 0.001 -16"><span class='ocrx_word' id='word_1_49' title='bbox 238 1026 282 1074; x_wconf 91' lang='lat' dir='ltr'><strong>An</strong></span> <span class='ocrx_word' id='word_1_50' title='bbox 296 1041 372 1087; x_wconf 84' lang='lat' dir='ltr'><strong>mare,</strong></span> <span class='ocrx_word' id='word_1_51' title='bbox 387 1025 453 1090; x_wconf 87' lang='lat' dir='ltr'><strong>qued</strong></span> <span class='ocrx_word' id='word_1_52' title='bbox 468 1041 551 1090; x_wconf 86' lang='lat' dir='ltr'><strong>supra,</strong></span> <span class='ocrx_word' id='word_1_53' title='bbox 563 1041 705 1088; x_wconf 81' lang='lat' dir='ltr'>memorem,</span> <span class='ocrx_word' id='word_1_54' title='bbox 721 1027 837 1090; x_wconf 91' lang='lat' dir='ltr'><strong>quodque</strong></span> <span class='ocrx_word' id='word_1_55' title='bbox 854 1025 928 1076; x_wconf 85' lang='lat' dir='ltr'><strong>adluit</strong></span> 
     </span>
     <span class='ocr_line' id='line_1_10' title="bbox 335 1105 420 1154; baseline 0 0"><span class='ocrx_word' id='word_1_56' title='bbox 335 1105 420 1154; x_wconf 75' lang='lat' dir='ltr'><strong>infra?</strong></span> 
     </span>
     <span class='ocr_line' id='line_1_11' title="bbox 239 1185 836 1250; baseline 0.005 -18"><span class='ocrx_word' id='word_1_57' title='bbox 239 1186 313 1233; x_wconf 89' lang='lat' dir='ltr'><strong>Anne</strong></span> <span class='ocrx_word' id='word_1_58' title='bbox 323 1185 391 1234; x_wconf 88' lang='lat' dir='ltr'><strong>lacus</strong></span> <span class='ocrx_word' id='word_1_59' title='bbox 403 1193 492 1248; x_wconf 90' lang='lat' dir='ltr'><strong>tantos,</strong></span> <span class='ocrx_word' id='word_1_60' title='bbox 504 1192 538 1248; x_wconf 87' lang='lat' dir='ltr'><strong>te,</strong></span> <span class='ocrx_word' id='word_1_61' title='bbox 548 1185 608 1235; x_wconf 84' lang='lat' dir='ltr'><strong>Lari</strong></span> <span class='ocrx_word' id='word_1_62' title='bbox 618 1202 742 1248; x_wconf 80' lang='lat' dir='ltr'>maxume,</span> <span class='ocrx_word' id='word_1_63' title='bbox 753 1193 836 1250; x_wconf 86' lang='lat' dir='ltr'><strong>teque,</strong></span> 
     </span>
     <span class='ocr_line' id='line_1_12' title="bbox 239 1265 898 1332; baseline 0.005 -19"><span class='ocrx_word' id='word_1_64' title='bbox 239 1265 368 1314; x_wconf 81' lang='lat' dir='ltr'><strong>Fluctibus</strong></span> <span class='ocrx_word' id='word_1_65' title='bbox 378 1274 403 1315; x_wconf 88' lang='lat' dir='ltr'><strong>et</strong></span> <span class='ocrx_word' id='word_1_66' title='bbox 414 1267 514 1315; x_wconf 76' lang='lat' dir='ltr'><strong>fremitu</strong></span> <span class='ocrx_word' id='word_1_67' title='bbox 525 1266 661 1332; x_wconf 82' lang='lat' dir='ltr'><strong>adsurgens</strong></span> <span class='ocrx_word' id='word_1_68' title='bbox 673 1267 770 1316; x_wconf 86' lang='lat' dir='ltr'><strong>Benace</strong></span> <span class='ocrx_word' id='word_1_69' title='bbox 782 1267 898 1316; x_wconf 77' lang='lat' dir='ltr'><strong>marino?</strong></span> 
     </span>
     <span class='ocr_line' id='line_1_13' title="bbox 239 1346 903 1412; baseline 0.005 -18"><span class='ocrx_word' id='word_1_70' title='bbox 239 1346 283 1394; x_wconf 87' lang='lat' dir='ltr'><strong>An</strong></span> <span class='ocrx_word' id='word_1_71' title='bbox 292 1363 424 1396; x_wconf 78' lang='lat' dir='ltr'>memorem</span> <span class='ocrx_word' id='word_1_72' title='bbox 435 1354 520 1412; x_wconf 85' lang='lat' dir='ltr'><strong>portus</strong></span> <span class='ocrx_word' id='word_1_73' title='bbox 531 1347 689 1412; x_wconf 77' lang='lat' dir='ltr'><strong>Lucrinoque</strong></span> <span class='ocrx_word' id='word_1_74' title='bbox 700 1348 785 1396; x_wconf 89' lang='lat' dir='ltr'><strong>addita</strong></span> <span class='ocrx_word' id='word_1_75' title='bbox 795 1347 903 1397; x_wconf 86' lang='lat' dir='ltr'><strong>claustra</strong></span> 
     </span>
     <span class='ocr_line' id='line_1_14' title="bbox 238 1427 874 1492; baseline 0.003 -18"><span class='ocrx_word' id='word_1_76' title='bbox 238 1427 324 1490; x_wconf 81' lang='lat' dir='ltr'><strong>Atque</strong></span> <span class='ocrx_word' id='word_1_77' title='bbox 335 1427 488 1492; x_wconf 82' lang='lat' dir='ltr'><strong>indignatum</strong></span> <span class='ocrx_word' id='word_1_78' title='bbox 500 1431 598 1492; x_wconf 85' lang='lat' dir='ltr'><strong>magnis</strong></span> <span class='ocrx_word' id='word_1_79' title='bbox 610 1428 759 1478; x_wconf 81' lang='lat' dir='ltr'><strong>stridoribus</strong></span> <span class='ocrx_word' id='word_1_80' title='bbox 771 1443 874 1492; x_wconf 86' lang='lat' dir='ltr'><strong>aequor,</strong></span> 
     </span>
     <span class='ocr_line' id='line_1_15' title="bbox 241 1505 787 1572; baseline 0.005 -19"><span class='ocrx_word' id='word_1_81' title='bbox 241 1505 305 1554; x_wconf 82' lang='lat' dir='ltr'><strong>lulla</strong></span> <span class='ocrx_word' id='word_1_82' title='bbox 316 1521 366 1568; x_wconf 85' lang='lat' dir='ltr'><strong>qua</strong></span> <span class='ocrx_word' id='word_1_83' title='bbox 376 1513 450 1571; x_wconf 88' lang='lat' dir='ltr'><strong>ponto</strong></span> <span class='ocrx_word' id='word_1_84' title='bbox 460 1507 533 1572; x_wconf 81' lang='lat' dir='ltr'><strong>longe</strong></span> <span class='ocrx_word' id='word_1_85' title='bbox 544 1514 615 1557; x_wconf 88' lang='lat' dir='ltr'><strong>sonat</strong></span> <span class='ocrx_word' id='word_1_86' title='bbox 625 1508 692 1557; x_wconf 85' lang='lat' dir='ltr'><strong>unda</strong></span> <span class='ocrx_word' id='word_1_87' title='bbox 704 1507 787 1556; x_wconf 85' lang='lat' dir='ltr'><strong>reiuso</strong></span> 
     </span>
     <span class='ocr_line' id='line_1_16' title="bbox 239 1585 899 1649; baseline 0.008 -17"><span class='ocrx_word' id='word_1_88' title='bbox 239 1585 432 1649; x_wconf 86' lang='lat' dir='ltr'><strong>Tyrrhenusque</strong></span> <span class='ocrx_word' id='word_1_89' title='bbox 443 1586 514 1634; x_wconf 74' lang='lat' dir='ltr'><strong>{retis</strong></span> <span class='ocrx_word' id='word_1_90' title='bbox 524 1588 661 1636; x_wconf 81' lang='lat' dir='ltr'><strong>inmittitur</strong></span> <span class='ocrx_word' id='word_1_91' title='bbox 672 1594 755 1636; x_wconf 86' lang='lat' dir='ltr'><strong>aestus</strong></span> <span class='ocrx_word' id='word_1_92' title='bbox 766 1588 876 1636; x_wconf 83' lang='lat' dir='ltr'><strong>Avernis</strong></span> <span class='ocrx_word' id='word_1_93' title='bbox 888 1587 899 1637; x_wconf 76' lang='lat' dir='ltr'><strong>l</strong></span> 
     </span>
     <span class='ocr_line' id='line_1_17' title="bbox 240 1664 828 1731; baseline 0.005 -20"><span class='ocrx_word' id='word_1_94' title='bbox 240 1665 309 1711; x_wconf 86' lang='lat' dir='ltr'><strong>Haec</strong></span> <span class='ocrx_word' id='word_1_95' title='bbox 319 1664 404 1713; x_wconf 87' lang='lat' dir='ltr'><strong>eadem</strong></span> <span class='ocrx_word' id='word_1_96' title='bbox 415 1667 513 1730; x_wconf 85' lang='lat' dir='ltr'><strong>argenti</strong></span> <span class='ocrx_word' id='word_1_97' title='bbox 523 1668 590 1715; x_wconf 74' lang='lat' dir='ltr'><strong>rivos</strong></span> <span class='ocrx_word' id='word_1_98' title='bbox 600 1669 716 1731; x_wconf 83' lang='lat' dir='ltr'><strong>aerisque</strong></span> <span class='ocrx_word' id='word_1_99' title='bbox 726 1666 828 1715; x_wconf 85' lang='lat' dir='ltr'><strong>metalla</strong></span> 
     </span>
     <span class='ocr_line' id='line_1_18' title="bbox 241 1743 812 1810; baseline 0.005 -19"><span class='ocrx_word' id='word_1_100' title='bbox 241 1743 354 1792; x_wconf 87' lang='lat' dir='ltr'><strong>Ostendit</strong></span> <span class='ocrx_word' id='word_1_101' title='bbox 365 1745 433 1794; x_wconf 88' lang='lat' dir='ltr'><strong>venis</strong></span> <span class='ocrx_word' id='word_1_102' title='bbox 453 1752 528 1810; x_wconf 86' lang='lat' dir='ltr'><strong>atque</strong></span> <span class='ocrx_word' id='word_1_103' title='bbox 539 1761 600 1795; x_wconf 86' lang='lat' dir='ltr'><strong>auro</strong></span> <span class='ocrx_word' id='word_1_104' title='bbox 611 1747 721 1810; x_wconf 88' lang='lat' dir='ltr'><strong>plurima</strong></span> <span class='ocrx_word' id='word_1_105' title='bbox 730 1746 812 1795; x_wconf 85' lang='lat' dir='ltr'><strong>fluxit.</strong></span> 
     </span>
     <span class='ocr_line' id='line_1_19' title="bbox 240 1823 930 1892; baseline 0.004 -21"><span class='ocrx_word' id='word_1_106' title='bbox 240 1823 308 1872; x_wconf 80' lang='lat' dir='ltr'><strong>Haec</strong></span> <span class='ocrx_word' id='word_1_107' title='bbox 326 1832 411 1888; x_wconf 75' lang='lat' dir='ltr'><strong>genus¹</strong></span> <span class='ocrx_word' id='word_1_108' title='bbox 423 1839 479 1874; x_wconf 83' lang='lat' dir='ltr'><strong>acre</strong></span> <span class='ocrx_word' id='word_1_109' title='bbox 496 1826 585 1888; x_wconf 74' lang='lat' dir='ltr'><strong>vuum,</strong></span> <span class='ocrx_word' id='word_1_110' title='bbox 603 1827 702 1876; x_wconf 85' lang='lat' dir='ltr'><strong>Marsos</strong></span> <span class='ocrx_word' id='word_1_111' title='bbox 727 1827 867 1892; x_wconf 84' lang='lat' dir='ltr'><strong>pubemque</strong></span> <span class='ocrx_word' id='word_1_112' title='bbox 885 1826 930 1875; x_wconf 79' lang='lat' dir='ltr'><strong>Sa·</strong></span> 
     </span>
     <span class='ocr_line' id='line_1_20' title="bbox 338 1903 435 1965; baseline 0 -13"><span class='ocrx_word' id='word_1_113' title='bbox 338 1903 435 1965; x_wconf 88' lang='lat' dir='ltr'><strong>bellam,</strong></span> 
     </span>
    </p>

    <p class='ocr_par' dir='ltr' id='par_1_3' title="bbox 209 1981 930 2689">
     <span class='ocr_line' id='line_1_21' title="bbox 239 1981 930 2050; baseline 0.004 -19"><span class='ocrx_word' id='word_1_114' title='bbox 239 1981 423 2047; x_wconf 87' lang='lat' dir='ltr'><strong>Adsuetumque</strong></span> <span class='ocrx_word' id='word_1_115' title='bbox 439 1984 504 2033; x_wconf 90' lang='lat' dir='ltr'><strong>melo</strong></span> <span class='ocrx_word' id='word_1_116' title='bbox 519 1983 639 2049; x_wconf 84' lang='lat' dir='ltr'><strong>Ligurem</strong></span> <span class='ocrx_word' id='word_1_117' title='bbox 662 1985 818 2050; x_wconf 78' lang='lat' dir='ltr'><strong>Volscosque</strong></span> <span class='ocrx_word' id='word_1_118' title='bbox 833 1992 930 2034; x_wconf 82' lang='lat' dir='ltr'><strong>verutos</strong></span> 
     </span>
     <span class='ocr_line' id='line_1_22' title="bbox 239 2062 930 2129; baseline 0.006 -19"><span class='ocrx_word' id='word_1_119' title='bbox 239 2062 346 2124; x_wconf 77' lang='lat' dir='ltr'><strong>Extulit,</strong></span> <span class='ocrx_word' id='word_1_120' title='bbox 353 2063 414 2112; x_wconf 83' lang='lat' dir='ltr'><strong>haec</strong></span> <span class='ocrx_word' id='word_1_121' title='bbox 423 2062 512 2112; x_wconf 85' lang='lat' dir='ltr'><strong>Decios</strong></span> <span class='ocrx_word' id='word_1_122' title='bbox 529 2063 624 2112; x_wconf 89' lang='lat' dir='ltr'><strong>Marios</strong></span> <span class='ocrx_word' id='word_1_123' title='bbox 643 2079 795 2129; x_wconf 83' lang='lat' dir='ltr'><strong>magnosque</strong></span> <span class='ocrx_word' id='word_1_124' title='bbox 806 2065 930 2122; x_wconf 84' lang='lat' dir='ltr'><strong>Camillos,</strong></span> 
     </span>
     <span class='ocr_line' id='line_1_23' title="bbox 240 2141 855 2206; baseline 0.008 -17"><span class='ocrx_word' id='word_1_125' title='bbox 240 2141 364 2206; x_wconf 86' lang='lat' dir='ltr'><strong>Scipiadas</strong></span> <span class='ocrx_word' id='word_1_126' title='bbox 375 2143 450 2192; x_wconf 85' lang='lat' dir='ltr'><strong>duros</strong></span> <span class='ocrx_word' id='word_1_127' title='bbox 462 2143 526 2193; x_wconf 87' lang='lat' dir='ltr'><strong>bello</strong></span> <span class='ocrx_word' id='word_1_128' title='bbox 545 2150 571 2193; x_wconf 88' lang='lat' dir='ltr'><strong>et</strong></span> <span class='ocrx_word' id='word_1_129' title='bbox 581 2150 615 2206; x_wconf 84' lang='lat' dir='ltr'><strong>te,</strong></span> <span class='ocrx_word' id='word_1_130' title='bbox 625 2159 740 2192; x_wconf 85' lang='lat' dir='ltr'><strong>maxume</strong></span> <span class='ocrx_word' id='word_1_131' title='bbox 754 2143 855 2206; x_wconf 86' lang='lat' dir='ltr'><strong>Caesar,</strong></span> 
     </span>
     <span class='ocr_line' id='line_1_24' title="bbox 240 2221 826 2280; baseline 0.009 -11"><span class='ocrx_word' id='word_1_132' title='bbox 240 2221 290 2280; x_wconf 85' lang='lat' dir='ltr'><strong>Qui</strong></span> <span class='ocrx_word' id='word_1_133' title='bbox 300 2237 365 2270; x_wconf 87' lang='lat' dir='ltr'><strong>nunc</strong></span> <span class='ocrx_word' id='word_1_134' title='bbox 375 2225 492 2272; x_wconf 82' lang='lat' dir='ltr'><strong>extremis</strong></span> <span class='ocrx_word' id='word_1_135' title='bbox 502 2223 580 2272; x_wconf 89' lang='lat' dir='ltr'><strong>Asiae</strong></span> <span class='ocrx_word' id='word_1_136' title='bbox 590 2225 640 2273; x_wconf 88' lang='lat' dir='ltr'><strong>iam</strong></span> <span class='ocrx_word' id='word_1_137' title='bbox 651 2226 727 2274; x_wconf 83' lang='lat' dir='ltr'><strong>victor</strong></span> <span class='ocrx_word' id='word_1_138' title='bbox 739 2225 765 2273; x_wconf 90' lang='lat' dir='ltr'><strong>in</strong></span> <span class='ocrx_word' id='word_1_139' title='bbox 775 2226 826 2274; x_wconf 88' lang='lat' dir='ltr'><strong>oris</strong></span> 
     </span>
     <span class='ocr_line' id='line_1_25' title="bbox 209 2301 807 2354; baseline 0.008 -5"><span class='ocrx_word' id='word_1_140' title='bbox 209 2301 216 2319; x_wconf 82' lang='lat'>⁸</span> <span class='ocrx_word' id='word_1_141' title='bbox 239 2302 357 2350; x_wconf 86' lang='lat' dir='ltr'><strong>Inbellem</strong></span> <span class='ocrx_word' id='word_1_142' title='bbox 367 2303 459 2352; x_wconf 85' lang='lat' dir='ltr'><strong>evertis</strong></span> <span class='ocrx_word' id='word_1_143' title='bbox 469 2303 586 2352; x_wconf 88' lang='lat' dir='ltr'><strong>Romanis</strong></span> <span class='ocrx_word' id='word_1_144' title='bbox 597 2305 695 2353; x_wconf 88' lang='lat' dir='ltr'><strong>arcibus</strong></span> <span class='ocrx_word' id='word_1_145' title='bbox 706 2304 807 2354; x_wconf 87' lang='lat' dir='ltr'><strong>Indum.</strong></span> 
     </span>
     <span class='ocr_line' id='line_1_26' title="bbox 240 2373 866 2447; baseline 0.006 -17"><span class='ocrx_word' id='word_1_146' title='bbox 240 2381 319 2443; x_wconf 84' lang='lat' dir='ltr'><strong>Salve,</strong></span> <span class='ocrx_word' id='word_1_147' title='bbox 330 2397 421 2446; x_wconf 75' lang='lat' dir='ltr'><strong>magna</strong></span> <span class='ocrx_word' id='word_1_148' title='bbox 431 2397 520 2446; x_wconf 86' lang='lat' dir='ltr'><strong>parens</strong></span> <span class='ocrx_word' id='word_1_149' title='bbox 531 2382 641 2446; x_wconf 84' lang='lat' dir='ltr'><strong>frugum,</strong></span> <span class='ocrx_word' id='word_1_150' title='bbox 657 2373 774 2432; x_wconf 76' lang='lat' dir='ltr'><strong>Saturnia</strong></span> <span class='ocrx_word' id='word_1_151' title='bbox 784 2384 866 2447; x_wconf 84' lang='lat' dir='ltr'><strong>tellus,</strong></span> 
     </span>
     <span class='ocr_line' id='line_1_27' title="bbox 238 2461 877 2526; baseline 0.009 -18"><span class='ocrx_word' id='word_1_152' title='bbox 238 2461 333 2526; x_wconf 72' lang='lat' dir='ltr'><strong>Magna</strong></span> <span class='ocrx_word' id='word_1_153' title='bbox 342 2462 437 2525; x_wconf 80' lang='lat' dir='ltr'><strong>virum3</strong></span> <span class='ocrx_word' id='word_1_154' title='bbox 455 2462 500 2511; x_wconf 90' lang='lat' dir='ltr'><strong>tibi</strong></span> <span class='ocrx_word' id='word_1_155' title='bbox 510 2477 550 2510; x_wconf 88' lang='lat' dir='ltr'><strong>res</strong></span> <span class='ocrx_word' id='word_1_156' title='bbox 560 2464 676 2526; x_wconf 83' lang='lat' dir='ltr'><strong>antiquae</strong></span> <span class='ocrx_word' id='word_1_157' title='bbox 688 2464 768 2514; x_wconf 88' lang='lat' dir='ltr'><strong>laudis</strong></span> <span class='ocrx_word' id='word_1_158' title='bbox 779 2471 805 2514; x_wconf 89' lang='lat' dir='ltr'><strong>et</strong></span> <span class='ocrx_word' id='word_1_159' title='bbox 815 2467 877 2514; x_wconf 85' lang='lat' dir='ltr'><strong>artis</strong></span> 
     </span>
     <span class='ocr_line' id='line_1_28' title="bbox 238 2540 802 2607; baseline 0.009 -19"><span class='ocrx_word' id='word_1_160' title='bbox 238 2540 377 2605; x_wconf 83' lang='lat' dir='ltr'><strong>Ingrediar,</strong></span> <span class='ocrx_word' id='word_1_161' title='bbox 388 2548 484 2592; x_wconf 88' lang='lat' dir='ltr'><strong>sanctos</strong></span> <span class='ocrx_word' id='word_1_162' title='bbox 496 2557 570 2591; x_wconf 85' lang='lat' dir='ltr'><strong>ausus</strong></span> <span class='ocrx_word' id='word_1_163' title='bbox 582 2544 708 2593; x_wconf 86' lang='lat' dir='ltr'><strong>recludere</strong></span> <span class='ocrx_word' id='word_1_164' title='bbox 718 2544 802 2607; x_wconf 75' lang='lat' dir='ltr'><strong>fontis,</strong></span> 
     </span>
     <span class='ocr_line' id='line_1_29' title="bbox 238 2621 892 2689; baseline 0.008 -20"><span class='ocrx_word' id='word_1_165' title='bbox 238 2622 422 2686; x_wconf 82' lang='lat' dir='ltr'><strong>Ascraeumque</strong></span> <span class='ocrx_word' id='word_1_166' title='bbox 432 2636 494 2672; x_wconf 80' lang='lat' dir='ltr'><strong>cano</strong></span> <span class='ocrx_word' id='word_1_167' title='bbox 505 2621 618 2672; x_wconf 81' lang='lat' dir='ltr'><strong>Romana</strong></span> <span class='ocrx_word' id='word_1_168' title='bbox 628 2638 673 2688; x_wconf 88' lang='lat' dir='ltr'><strong>per</strong></span> <span class='ocrx_word' id='word_1_169' title='bbox 681 2624 772 2689; x_wconf 86' lang='lat' dir='ltr'><strong>oppida</strong></span> <span class='ocrx_word' id='word_1_170' title='bbox 783 2641 892 2674; x_wconf 85' lang='lat' dir='ltr'><strong>carmen.</strong></span> 
     </span>
    </p>

    <p class='ocr_par' dir='ltr' id='par_1_4' title="bbox 780 2710 926 2762">
     <span class='ocr_line' id='line_1_30' title="bbox 780 2710 926 2762; baseline -0.014 -6"><span class='ocrx_word' id='word_1_171' title='bbox 780 2721 802 2756; x_wconf 79' lang='lat' dir='ltr'><strong>v.</strong></span> <span class='ocrx_word' id='word_1_172' title='bbox 817 2710 926 2762; x_wconf 62' lang='lat' dir='ltr'><strong>lat-176»</strong></span> 
     </span>
    </p>
   </div>
   <div class='ocr_carea' id='block_1_3' title="bbox 0 0 1040 3540">
    <p class='ocr_par' dir='ltr' id='par_1_5' title="bbox 0 0 1040 3540">
     <span class='ocr_line' id='line_1_31' title="bbox 0 0 1040 3540; baseline 0 0"><span class='ocrx_word' id='word_1_173' title='bbox 0 0 1040 3540; x_wconf 95' lang='lat' dir='ltr'><strong> </strong></span> 
     </span>
    </p>
   </div>
  </div>
 </body>
</html>
