2070 3542
360 376 386 419 Η
390 376 454 420 ORA
460 376 497 419 TI
501 376 549 420 US.

187 465 236 516 Seu
246 466 304 516 deos
315 483 416 534 regesve
427 470 503 529 canit,
513 469 615 517 deorum

186 546 343 612 Sanguinem,
354 565 398 613 per
409 566 470 613 quos
480 549 589 598 cecidere
600 551 665 598 iuste

184 627 267 677 Morte
277 628 402 686 Centeuri,
413 629 501 678 cecidit
511 629 653 678 tremendae

247 708 360 757 Flumme
370 710 518 768 chimeeree,

185 786 240 836 Sive
251 805 312 853 quoe
322 790 383 840 Eleu
394 791 492 839 domum
504 790 599 840 reducit

183 868 270 919 Palma
280 871 392 919 caelestis
402 871 541 935 pugilemve
552 885 673 935 equumve

185 947 252 998 Dicit
263 957 288 998 et
298 957 396 998 centum
408 953 502 1015 potiore
514 951 590 1016 signis

246 1028 352 1082 Munere
362 1030 446 1092 donet,

184 1109 273 1159 Flebili
283 1127 387 1175 sponsae
399 1113 540 1162 iuvenemve
550 1116 650 1173 ruptum

184 1189 279 1252 Plorat,
291 1198 317 1239 et
328 1193 392 1240 vires
403 1193 562 1253 animumque
573 1203 702 1252 moresque

186 1270 282 1318 Aureus
293 1270 376 1318 educit
387 1270 412 1318 in
423 1277 490 1319 estre
501 1271 622 1334 nigroque

247 1349 345 1398 Invidet
356 1351 428 1398 Orco.

183 1429 266 1479 Multa
276 1429 409 1478 Dirceeum
420 1428 486 1476 levet
497 1443 559 1477 eure
569 1442 682 1492 cycnum,

183 1508 283 1569 Tendit,
295 1508 399 1569 Antoni,
411 1509 523 1572 quotiens
533 1508 560 1556 in
570 1507 634 1558 sitos

183 1589 294 1638 Nubium
304 1595 398 1637 tructus
409 1609 415 1638 ε
433 1604 481 1653 ego
494 1589 548 1653 epis
559 1587 671 1638 Mutinae

245 1668 318 1717 More
328 1667 457 1731 modoque,

184 1748 264 1800 Grete
274 1749 397 1813 carpentis
408 1749 496 1811 thyma
505 1764 550 1812 per
560 1749 669 1798 laborem

184 1829 334 1890 Plurimum,
345 1829 411 1877 circu
421 1844 508 1880 nemus
518 1829 633 1894 uvidique

185 1909 287 1960 Tiburis
298 1911 364 1974 ripas
376 1924 478 1972 operose
488 1924 580 1973 pervus

249 1989 366 2038 Cermine
376 1989 451 2053 fingo.

186 2069 306 2120 Concines
320 2071 411 2117 meiere
422 2075 494 2132 poete
504 2069 598 2134 plectro

185 2149 325 2212 Ceeserem,
336 2149 483 2213 quaudoque
494 2149 578 2198 trehet
588 2149 681 2198 feroces

185 2231 235 2279 Per
247 2245 342 2278 sacrum
353 2230 442 2278 clivum
454 2231 543 2280 merite
553 2229 657 2278 decorus

251 2311 351 2360 Fronde
363 2310 528 2374 Sygambros,

187 2389 244 2450 Quo
254 2390 316 2439 nihil
326 2391 406 2438 maius
418 2390 535 2438 meliusve
546 2390 619 2438 terris

186 2471 252 2520 Tute
261 2471 382 2520 donavere
392 2470 499 2534 bonique
510 2470 561 2519 divi

187 2550 240 2600 Nec
250 2550 352 2613 dubunt,
362 2552 474 2614 quumvis
484 2549 586 2600 redeunt
596 2550 623 2598 in
632 2565 720 2599 eurum

252 2628 374 2694 Tempore
384 2631 500 2695 priscum.

188 2707 309 2759 (lencines
318 2710 443 2774 lectosque
453 2710 506 2758 dies
516 2715 541 2758 et
551 2709 620 2758 urbis

188 2787 318 2839 Publicum
330 2789 415 2839 ludum
426 2805 501 2854 super
512 2791 644 2852 impetrato

466 2885 487 2918 st
