2098 3546
232 360 278 406 ²60
371 354 602 399 ANTHOLOGIA
628 345 775 396 timii.

232 449 360 498 Laxavere
372 450 455 498 sinuat
471 455 497 497 et
506 448 571 496 flexo
582 449 665 496 navita
677 463 753 496 cornu

232 528 351 593 Obliquat
356 527 428 580 laevo
438 528 499 592 pede
510 528 620 587 carbasa,
632 543 774 591 summaque
785 526 894 591 pendeus

233 608 346 673 Suppara
356 609 465 658 velorum
476 609 599 672 perituras
610 608 703 672 colligit
713 623 794 656 auras.

230 688 267 737 Ut
275 691 382 753 primum
393 690 469 738 levior
479 688 613 753 propellere
622 688 697 736 lintea
708 695 796 736 ventus

229 768 329 832 Incipit,
341 769 507 833 exiguumque
519 774 624 828 tument,
634 783 693 816 mox
703 767 801 815 reddita
810 766 875 816 malo

229 848 261 896 In
270 849 375 897 mediam
385 849 495 897 cecidere
505 855 598 897 ratem:
614 855 729 910 terraque
739 847 826 895 relicta

230 929 287 978 Non
297 929 363 978 valet
372 932 426 994 ipsa
437 931 507 994 sequi
516 944 619 994 puppes,
630 944 694 993 quae
704 935 814 985 vexerat,
826 942 893 977 aura.

233 1011 354 1074 Aequora
364 1010 431 1058 lenta
441 1011 529 1070 iacent,
539 1008 590 1056 alto
601 1017 699 1072 torpore
708 1007 793 1072 ligata.

231 1087 329 1153 Pigrius
339 1090 445 1138 immotis
455 1088 555 1137 haesere
564 1086 695 1152 paludibus
704 1086 792 1134 undae.

688 1169 725 1216 lb.
737 1182 761 1216 v.
774 1170 887 1215 424435.

498 1345 624 1383 CLXXXIV.

283 1462 377 1518 secors
390 1469 501 1520 consulti
516 1471 557 1521 tlte
574 1470 730 1526 Nesoulion
750 1475 839 1533 Witclt.

235 1564 289 1655 iffi:
299 1589 480 1639 DDIDIT
490 1597 515 1640 et
525 1607 633 1654 carmen,
644 1608 701 1657 quo,
712 1595 832 1660 quidquid
843 1613 901 1646 con-

265 1661 287 1667 ”
312 1656 347 1731 ⁴}
432 1667 497 1728 sulit,
507 1668 621 1717 umbram

235 1656 303 1751 pp&

234 1763 278 1800 ιω
314 1720 346 1795 §ll
370 1745 437 1795 Scire
448 1746 521 1797 dedit
554 1749 688 1807 Maestum,
699 1749 758 1799 fletu
768 1760 891 1810 manante,

323 1827 435 1884 cadaver,
656 1885 658 1890 ¹

230 1906 339 1956 ‘Tristia
350 1924 398 1956 nou
409 1907 522 1972 equidem
533 1907 668 1957 Parcarum
680 1910 802 1968 stamina‚'
812 1911 884 1972 dixit,

226 1990 234 2018 ‘
243 1987 365 2052 Adspexi,
374 1990 463 2037 tacitae
472 1995 598 2039 revocatus
610 1989 641 2037 ab
651 2005 741 2053 aggere
752 1993 820 2055 ripae
830 2011 836 2043 ε

227 2067 300 2126 Quod
310 2075 414 2116 tamena
423 2069 517 2116 eunctis
527 2068 589 2116 mihi
597 2084 697 2118 noscere
703 2071 805 2135 contigit
813 2071 916 2129 umbris,

226 2150 309 2198 Effera
319 2151 442 2200 Romanos
452 2152 530 2215 agitat
539 2151 660 2200 discordia
670 2168 762 2209 manea,

225 2231 354 2295 Impiaque
364 2231 485 2279 infernam
495 2238 615 2294 ruperunt
624 2247 693 2280 arma
703 2235 819 2296 quietem.

225 2311 325 2375 Elysias
335 2311 377 2360 elii
388 2311 466 2372 aedes,
476 2327 505 2360 ao
515 2311 623 2360 Tartara
634 2322 729 2362 maesta

225 2391 323 2440 Diversi
334 2391 426 2454 liquere
437 2390 511 2439 duces
524 2409 531 2440 r
547 2391 607 2455 quid
617 2392 669 2441 iata
679 2401 803 2458 pararent,

225 2468 258 2520 Hi
271 2471 350 2520 iecere
360 2472 448 2535 palam.
482 2471 572 2520 Tristis
582 2471 693 2521 felicibus
703 2474 797 2524 umbris

226 2553 320 2602 Vultus
330 2559 391 2601 erat.
425 2551 487 2600 Vidi
498 2551 595 2615 Decios,
606 2559 741 2616 natumque
751 2562 906 2621 putremque,

223 2631 350 2681 Lustrales
361 2631 431 2681 bellis
442 2633 544 2694 animas,
553 2631 700 2696 flentemque
712 2633 850 2698 Camillum,

223 2712 257 2762 Et
267 2712 355 2762 Curios
361 2733 369 2776 3
389 2711 482 2762 Sullam
492 2711 522 2760 de
533 2719 567 2773 te,
577 2711 697 2770 Fortuna,
709 2721 859 2776 querentem.
