2098 3546
224 360 271 418 33⁶
362 351 592 394 ANTHOLOGIA
619 350 762 394 carim.

224 443 344 510 Eutropio
355 445 433 493 fasces
443 442 635 492 adeeuabantur
645 442 737 490 ademti

223 523 385 588 Tarquiniis?
402 536 579 586 quemcumque
589 537 657 569 meae
669 536 757 570 vexere
767 520 865 571 cunilae

222 603 318 652 taxato
328 605 409 652 veniat
420 603 479 651 socii
488 609 610 666 spectator
620 601 728 650 Averno

222 682 331 746 Impensi
342 683 416 731 erroris
427 681 507 738 Decii,
518 682 669 746 prorumpite
679 680 766 737 bustis.

222 763 390 825 Torquatique
401 768 490 821 truces,
501 762 657 823 animosaque
667 761 783 824 pauperis
793 760 883 810 umbra

221 841 328 890 Fabricii
358 847 434 904 tuque
444 855 459 888 o
470 841 490 888 si
501 839 565 888 forte
574 839 670 887 inferna
680 839 778 903 piorum

222 921 321 986 Iugera,
332 928 357 970 et
367 921 467 986 Elysias
478 918 577 980 scindis,
590 917 704 979 Serrane,
714 918 813 967 novales
823 937 831 968 t

220 999 303 1049 Poeno
314 999 449 1064 Scipiadae,
460 999 543 1048 Poeno
553 998 678 1062 praeclare
688 997 783 1056 Lutati,

223 1079 321 1129 Sicania
331 1079 449 1128 Marcella
460 1080 540 1140 ferox,
552 1093 612 1142 gens
621 1076 725 1126 Olaudia
736 1083 830 1142 surgat

221 1161 255 1210 Et
266 1160 335 1210 Curii
346 1162 431 1224 series,
454 1166 479 1207 et
489 1160 533 1221 qui
543 1158 589 1206 snb
599 1158 652 1206 iure
663 1157 759 1221 negasti

220 1241 313 1290 Vivere
324 1240 451 1300 Caesareo,
461 1253 538 1303 parvo
548 1236 652 1302 procede
663 1235 782 1300 sepulcro,

220 1321 366 1386 Eutropium
377 1335 478 1385 passure
498 1317 567 1366 Cato.
600 1317 718 1365 Remeato
728 1316 845 1377 tenebris,

222 1402 331 1466 Agmina
337 1399 479 1455 Brutorum,
490 1397 701 1459 Corvinorumque
711 1404 830 1445 catervae.

220 1480 334 1529 Eunuchi
343 1487 437 1528 vestros
448 1478 556 1538 habitus,
566 1477 673 1540 insignia
683 1480 783 1524 sumunt

220 1561 339 1623 Ambigui
351 1561 461 1607 Romana
471 1573 566 1605 marest
583 1571 687 1619 rapuere
698 1553 837 1603 tremendas

221 1637 356 1686 Hannibali
364 1636 511 1701 Pyrrhoque
522 1643 607 1699 togas:
625 1633 722 1682 flabella
731 1631 811 1697 perosi

220 1717 357 1781 Adspirant
367 1715 471 1764 trabeis=
488 1715 538 1762 iam
547 1729 597 1762 non
607 1712 749 1762 umbracula
759 1717 858 1777 gestant

164 1826 166 1831 ,
220 1796 367 1861 Virginibus
384 1794 469 1844 latias
480 1793 534 1843 ausi
545 1793 641 1842 vibrare
651 1807 755 1842 secures.

316 1890 331 1918 1
435 1887 450 1916 Ι
556 1885 570 1914 U
678 1886 693 1914 0
798 1885 813 1914 1

251 1951 319 2010 Quid
329 1951 414 2000 trahor
424 1949 548 1998 ulterius?
574 1947 684 2005 Stilicho,
696 1947 756 2013 quid
766 1949 862 1996 vincere

314 2030 406 2090 differs,

219 2111 285 2159 Dum
296 2119 390 2160 certare
400 2109 496 2175 pudet?
512 2107 591 2156 nescis
601 2106 667 2170 quod
678 2106 773 2170 turpior
783 2105 862 2155 bostis

219 2189 326 2239 Iustitia
334 2191 426 2238 maiore
436 2188 521 2238 cadit?
536 2188 641 2251 piratica
651 2186 772 2251 Magnum

218 2270 309 2334 Erigit,
332 2269 440 2317 illustrat
450 2267 544 2316 servilis
554 2267 638 2314 laurea
649 2265 773 2315 Crassum.

218 2350 331 2399 Annuis:
348 2363 453 2413 agnosco
464 2347 600 2408 fremitum,
611 2361 660 2410 quo
670 2344 759 2409 palluit
771 2341 881 2403 Hebrus,

219 2431 275 2490 Quo
286 2429 369 2477 Mauri
380 2427 503 2492 Gildoque
514 2428 572 2476 ruit.
604 2423 672 2483 Quid
683 2423 774 2474 Martia
784 2425 856 2487 signa
946 2429 950 2490 g

218 2509 357 2559 Sollicitas?
374 2523 422 2556 non
433 2512 470 2556 est
479 2505 557 2558 hastis
567 2506 682 2557 iaculisva
696 2503 828 2567 petendus:

217 2589 321 2640 Conscia
332 2587 488 2638 succumbent
499 2586 583 2634 audito
593 2585 693 2633 verbere
703 2591 779 2648 terga

217 2668 254 2717 Ut
266 2667 359 2732 Scytha
369 2675 424 2732 post
434 2667 523 2716 multos
534 2665 630 2714 rediens
641 2664 764 2712 exercitus
774 2678 862 2727 annos,

216 2747 280 2798 Cum
291 2747 336 2796 sibi
347 2748 444 2797 servilia
455 2762 500 2812 pro
511 2746 600 2794 finibus
611 2745 682 2794 obvia
693 2741 769 2807 pubes
