2054 3546
371 379 602 422 ANTHOLOGIA
626 377 769 421 MTINA.

535 540 602 574 xvn.

295 636 414 690 Heauton
428 637 626 690 Timor-amenus.
667 634 729 688 Aee.
741 651 760 687 1.
774 649 809 685 se.
825 632 842 687 i.

437 762 544 816 Otremu,
556 762 705 808 Menedemus.

518 867 625 912 Chremes.

237 1070 240 1077 ⁴
281 1070 283 1081 ,,
324 1074 330 1079 2
443 1026 597 1074 admodumst

233 1108 265 1161 2⁴ss
275 1088 343 1157 {J
364 1102 438 1167 (Inde
449 1105 511 1154 adeo
522 1121 595 1168 quom
607 1119 697 1169 agrum
706 1105 732 1152 in
743 1118 864 1167 proxumo
875 1104 917 1152 hio

321 1193 444 1235 meroatus
454 1185 494 1246 es)

227 1266 280 1316 Neo
289 1268 325 1315 rei
336 1267 387 1315 sere
398 1281 457 1314 sane
469 1266 574 1328 amplius
586 1253 717 1329 quiequam
728 1263 791 1313 fnit:

226 1346 321 1395 Tamen
330 1347 366 1396 vel
376 1348 455 1395 virtus
466 1354 510 1394 tua
519 1361 558 1393 me
569 1346 608 1393 vel
618 1346 740 1406 vicinitas,

227 1426 300 1485 Quod
309 1441 357 1491 ego
368 1427 393 1474 in
403 1427 542 1489 propinqua
552 1433 623 1489 parte
633 1426 754 1474 amicitiae
763 1431 833 1490 puto,

227 1507 297 1555 Facit
306 1513 335 1555 ut
344 1513 369 1554 te
379 1505 496 1554 audenter
506 1520 617 1554 moneam
626 1512 652 1554 et
662 1505 823 1567 familiariter,

227 1585 301 1644 Quod
312 1584 375 1632 mihi
385 1583 468 1633 videre
479 1593 577 1648 praeter
588 1592 693 1633 aetatem
704 1594 772 1633 tuam

227 1665 319 1712 Furere
329 1671 355 1711 et
364 1670 463 1727 praeter
473 1678 547 1726 quem
558 1679 598 1711 res
609 1671 633 1711 te
644 1664 789 1712 adhortatur
800 1671 850 1713 tua

229 1743 291 1790 Nam
298 1758 344 1806 pro
350 1741 422 1790 deum
429 1749 504 1806 utque
512 1743 638 1792 hominum
647 1738 728 1800 fldem,
737 1742 796 1808 quid
801 1745 841 1792 -vis
848 1743 894 1792 tibi
903 1743 915 1790 i

228 1821 294 1882 Quid
305 1822 423 1885 quaeris?
440 1838 517 1872 annos
528 1825 658 1888 sexaginta
667 1831 741 1872 natus
751 1839 787 1885 es,
866 1881 868 1886 Ι

227 1905 282 1951 Aut
292 1905 346 1967 plus
357 1918 395 1964 eo,
405 1909 433 1951 ut
444 1903 536 1951 oonieio
545 1921 553 1966 3
570 1918 660 1967 agrum
670 1903 709 1952 his
719 1904 862 1967 regionibus

228 1983 357 2031 Meliorem
367 1997 447 2046 neque
458 1984 523 2047 preti
535 1983 634 2032 maioris
645 1998 716 2032 nemo
727 1983 802 2031 habet
811 2003 819 2046 3

229 2063 316 2111 Servos
327 2063 472 2127 compluris:
489 2063 591 2127 proinde
602 2063 673 2126 quasi
682 2077 753 2111 nemo
764 2064 819 2122 siet,

229 2139 269 2188 Ita
280 2146 333 2187 tute
343 2146 436 2188 attente
447 2139 545 2188 illorum
556 2139 635 2187 affinia
646 2139 755 2203 fungere.

227 2219 369 2282 Numquam
380 2227 432 2267 tam
442 2235 514 2268 mane
524 2218 637 2283 egredior
648 2234 728 2283 neque
738 2225 790 2266 tam
801 2221 897 2282 vesperi

227 2300 335 2347 Domum
345 2307 465 2360 revortor,
477 2300 537 2363 quin
548 2307 572 2346 te
583 2300 609 2346 in
620 2298 696 2346 fundo
705 2299 831 2361 conspicer

227 2377 322 2425 Fodere
332 2385 376 2426 aut
386 2369 456 2425 arare
468 2385 511 2426 aut
521 2377 614 2441 aliquid
624 2376 697 2427 ferra.
730 2375 844 2440 Denique

233 2456 335 2505 Nullum
344 2457 448 2505 remittis
459 2468 556 2520 tempus
566 2472 646 2520 neque
656 2462 681 2504 te
692 2457 800 2520 respicis.

228 2536 297 2584 Haeo
305 2551 355 2585 non
366 2535 486 2599 voluptati
495 2536 541 2584 tibi
551 2551 604 2584 esse
614 2537 673 2585 satis
684 2543 751 2584 nerto
761 2538 820 2584 seio.

234 2615 251 2640 “
260 2611 334 2660 Enim
342 2609 354 2634 ''
370 2610 435 2662 dices
459 2613 916 2680 “quantumhiooperisfiatpaenitat''

228 2694 301 2753 Quod
312 2697 419 2759 inopere
430 2694 543 2744 faciundo
553 2711 641 2758 operae
651 2697 773 2744 oonsumis
785 2703 851 2757 tuae,

230 2773 257 2823 Si
270 2789 353 2824 sumas
363 2776 389 2823 in
400 2775 448 2825 illis
459 2776 610 2837 exercendis,
621 2775 676 2840 plus
686 2792 753 2840 agas.
