2054 3546
229 383 260 435 ⁴8
372 377 602 420 Auauouoom
630 377 771 419 1111111.

293 467 357 517 Nam
367 470 473 518 mellitus
483 477 537 518 erat
547 485 665 534 suamque
676 475 748 518 norat

290 549 373 613 Ipsam
384 558 435 598 tam
445 551 507 598 bene
525 565 600 614 quam
610 550 692 614 puella
701 557 816 606 matrem,

292 629 343 676 Nec
355 644 407 676 sese
418 645 433 677 a
444 630 538 693 gremio
548 629 614 677 illius
624 631 746 690 movebat,

291 707 339 756 Sed
350 709 526 757 circumsiliens
536 709 607 757 modo
618 709 666 756 huc
675 709 746 757 modo
757 708 815 756 illuc

290 787 333 834 Ad
345 787 422 836 solam
432 789 554 836 dominam
565 803 644 852 usque
653 789 778 852 pipilabat

291 865 341 923 Qui
351 882 416 914 nuuc
427 869 446 915 it
457 883 501 930 per
511 868 559 916 iter
569 867 748 916 tenebricosum

290 945 362 997 Illuc.
373 947 437 994 unde
448 954 541 1010 negant
551 947 632 994 redire
643 962 789 1010 quenquam.

290 1026 329 1074 At
337 1027 406 1075 vobis
417 1027 480 1074 male
492 1029 533 1084 sit,
543 1028 622 1075 malae
634 1027 748 1075 tenebrae

292 1106 358 1168 Oroi,
370 1123 432 1170 quae
444 1109 526 1155 omnia
537 1107 600 1155 bella
611 1107 748 1155 devoratis=

291 1187 353 1234 Tam
364 1187 454 1236 bellum
462 1188 523 1236 mihi
534 1203 658 1251 passerem
669 1187 816 1236 abstulistis.

291 1266 346 1314 Vae
357 1267 449 1315 factum
460 1267 536 1314 male!
554 1283 598 1314 vae
609 1267 701 1315 misello
712 1282 805 1330 passer,

290 1345 346 1393 Tua
356 1361 420 1394 nunc
431 1362 505 1410 opera
516 1362 584 1394 meae
593 1346 689 1410 puellae

290 1425 382 1473 Flendo
393 1426 512 1490 turgiduli
522 1427 612 1474 rubent
622 1427 699 1475 ocelli.

536 1655 600 1690 xm.

375 1764 532 1816 Dedicatioa
545 1761 582 1830 of
590 1762 629 1812 tis
645 1759 771 1812 Pinnace.

265 1878 311 1917 'Q

236 1888 322 2041 ἓν,
276 1886 344 2011 ,ἢ
357 1907 516 1956 HASELUS
527 1908 568 1956 ille
571 1923 659 1971 ,quem
671 1908 744 1956 videt
727 1915 758 1956 tis
760 1907 885 1972 ‚hospites

243 1980 252 1993 ’
282 1974 295 1995 ³
315 1988 317 1993 ’
333 1988 343 1997 ’
397 2002 404 2031 1
426 1985 452 2032 t'u
464 2001 501 2032 sse
511 1986 608 2032 navium
620 1983 769 2046 omonimus,

236 1994 299 2112 d,
269 2012 346 2113 >teg
371 1986 788 2128 11111111111111111111111111111111111111111
800 2064 879 2113 trabis

260 2144 380 2206 Nequisse
390 2146 531 2207 praeterire,
544 2145 594 2192 sive
605 2144 718 2207 palmulis

259 2223 328 2286 Opus
338 2223 402 2270 foret
413 2223 524 2271 volare'
506 2238 559 2272 sive
569 2224 652 2271 linteo.

260 2305 293 2352 Et
305 2304 350 2351 hoe
361 2311 435 2366 negat
445 2304 546 2351 minacis
558 2303 679 2352 Adriatici

260 2385 358 2448 Negare
368 2384 426 2431 litus
438 2384 559 2431 insulasve
570 2384 691 2447 Cycladas

261 2464 424 2525 Rhodumque
434 2463 539 2510 nobilem
554 2464 727 2527 horridamque
739 2461 882 2525 Thraciam,

260 2543 410 2608 Propontida
421 2551 544 2592 trucemve
555 2543 683 2592 Ponticum
694 2544 782 2604 sinum,

261 2624 311 2674 Ubi
323 2626 368 2672 iste
378 2631 433 2687 post
443 2623 559 2687 phaselus
570 2632 642 2672 antea
652 2623 700 2671 luit

261 2704 363 2753 Comata
373 2703 447 2751 silva:
465 2719 522 2751 nam
532 2704 671 2768 Cytorioin
681 2705 739 2768 iugo

262 2783 388 2846 Loqueute
396 2799 467 2848 saepe
479 2784 574 2832 sibilum
586 2784 662 2832 edidit
672 2799 748 2832 coma.
