2098 3546
243 371 291 416 266
363 363 596 409 ANt’Hotoeu
622 363 767 409 ternu.

240 457 268 507 Si
279 473 328 506 non
337 458 419 522 prima
429 456 499 507 nefas
510 456 577 514 belli,
588 457 632 506 ead
641 457 702 521 sola,
713 457 819 508 tulisset.

240 538 262 587 Ο
273 537 363 601 superi,
372 536 445 586 liceat
455 544 535 587 terrae
545 537 625 588 odisee
635 543 757 588 noeentee.

239 617 307 678 Quid
317 623 397 666 totum
408 618 528 682 premitis,
537 617 597 681 quid
608 624 687 668 totum
698 617 823 668 absolvitis
829 615 934 668 orbern?

239 698 375 762 Hesperiae
386 697 476 760 clades,
486 705 512 747 et
522 697 611 748 flebilis
621 698 688 748 unda
697 698 818 764 Pachyni,

243 778 277 827 Et
288 778 396 838 Mutina,
408 784 433 826 et
443 775 539 826 Ioueae
549 792 625 844 puros
637 777 718 826 fecere
727 775 863 843 Philippoa

704 857 741 908 rt.
753 873 776 907 v.
786 860 901 909 eet-872.

523 1020 672 1070 etxxxvm.

395 1117 451 1173 The
463 1119 619 1191 Apotheosis
632 1123 668 1191 of
676 1102 799 1195 Pompey.

251 1223 304 1313 iffi
315 1220 361 1331 §s
370 1239 392 1288 T
402 1255 452 1289 non
462 1240 489 1288 in
498 1239 591 1288 Pharia
601 1253 686 1288 manee
696 1239 794 1288 iaouere
804 1239 895 1297 favilla,

257 1338 259 1343 ,
274 1320 283 1327 “’
299 1326 306 1339 s
328 1312 347 1341 Ἰ

244 1561 447 1626 Degeneremque
458 1577 554 1623 rogum,
565 1563 677 1626 sequitur
688 1577 799 1614 oonvexa
809 1560 939 1612 Tonantio.

243 1641 302 1701 Qua
310 1640 381 1704 niger
391 1638 512 1688 astriferis
523 1641 676 1690 eonnectitur
686 1640 775 1690 axibus
785 1649 827 1690 aer
838 1658 846 1706 ς

245 1720 351 1784 Quaque
361 1725 430 1784 patet
440 1727 520 1768 terrae
529 1721 594 1769 inter
604 1720 726 1785 lunaeque
736 1728 840 1784 meatus,
929 1772 933 1778 ,

244 1799 353 1850 Semidei
363 1815 447 1849 manes
459 1798 578 1860 habitant,
590 1816 652 1864 quoe
662 1801 735 1868 ignea
746 1802 825 1850 virtus

244 1881 368 1932 Innocuos
377 1882 429 1930 vita
438 1883 562 1946 patienter,
570 1881 678 1930 aetheris
687 1882 731 1930 imi

245 1963 324 2027 Fecit,
335 1970 361 2013 et
370 1970 482 2014 aeternos
493 1963 600 2012 animam
610 1962 708 2028 collegit
719 1963 745 2011 in
755 1962 834 2012 orbes.

246 2043 305 2093 Non
315 2043 374 2093 illue
385 2058 446 2092 auro
456 2043 538 2106 positi,
549 2057 593 2090 neo
604 2049 659 2092 ture
671 2042 761 2107 sepulti

245 2121 405 2170 Perveniunt.
437 2109 492 2169 Illic
502 2126 633 2184 postquam
643 2134 669 2168 ee
679 2119 771 2169 lumine
781 2135 840 2170 vero

246 2201 364 2265 Inplevit,
374 2199 505 2262 stellaeque
515 2211 591 2264 vagae
602 2201 715 2262 miratur,
726 2207 751 2248 et
761 2207 830 2250 astra

249 2277 315 2326 Fixa
326 2277 397 2341 polis,
406 2275 468 2323 vidit
478 2282 571 2338 quanta
582 2274 628 2324 sub
638 2283 709 2325 noete
719 2277 809 2326 iaceret
859 2317 862 2323 ,

250 2357 344 2408 Nostra
354 2356 412 2412 dies,
422 2355 525 2420 risitque
537 2357 574 2405 sui
585 2355 693 2405 ludibria
703 2358 792 2406 trunci.

248 2437 314 2488 Hine
326 2451 400 2500 super
410 2436 539 2485 Emathiae
548 2451 655 2500 campos,
667 2444 692 2485 et
702 2438 773 2502 signa
783 2438 879 2486 cruenti
937 2490 940 2495 ,

249 2518 371 2576 Caesaris,
383 2531 411 2566 ae
422 2531 520 2582 sparsas
530 2517 640 2564 volitavit
651 2517 676 2564 in
688 2532 794 2582 aequore
804 2517 911 2582 olaesee3

250 2597 285 2646 Et
295 2597 414 2658 eoelerum
423 2596 514 2646 vindex
525 2597 551 2644 iu
561 2603 646 2644 saneto
656 2605 754 2660 pertore
764 2596 838 2646 Bruti

251 2677 330 2741 Sedit,
341 2684 367 2728 et
376 2677 462 2727 invicti
471 2675 554 2743 poenit
564 2689 590 2724 se
601 2682 683 2724 mente
695 2674 804 2726 Catonis.

698 2759 751 2806 Lib,
762 2757 795 2806 ix.
809 2771 832 2806 v.
847 2761 911 2806 1-18.
