2054 3546
331 427 351 466 L
359 425 539 468 UCRETIUS.
756 419 786 472 43

102 513 167 574 Quod
178 525 287 581 superest
297 519 357 580 arvi,
368 525 450 567 tarum
459 519 485 567 id
495 526 585 568 natura
595 533 639 567 sua
650 520 673 567 vi

102 593 208 644 Sentibus
217 597 330 657 obducat,
342 599 369 646 ni
380 599 416 646 vis
426 597 534 646 bumana
544 599 643 647 resistat

101 673 165 722 Vitai
174 691 246 724 causa
255 677 336 726 valido
346 686 461 726 consueta
471 678 564 727 bidenti

100 753 219 818 Ingemera
230 765 255 805 et
264 765 356 806 terram
367 759 457 821 pressis
465 757 619 821 proscindere
629 759 724 806 aratris.

101 833 179 884 Sinon
188 837 303 886 fecundas
313 845 435 886 vertentes
444 853 541 886 vomere
552 837 636 900 glebas

100 913 225 979 Terraique
235 917 315 965 solum
325 916 465 980 subigentes
476 919 553 966 cimus
564 917 595 964 ed
605 924 683 975 ortus,

101 991 183 1056 Sponte
193 1011 237 1044 sua
247 1005 371 1060 nequeant
381 996 486 1061 liquidas
496 998 602 1044 existere
613 997 639 1043 in
650 1012 731 1053 auras,

100 1071 129 1120 Et
138 1081 215 1122 tamen
225 1076 350 1124 interdum
360 1091 450 1140 magno
460 1078 572 1141 quaesita
581 1076 665 1125 labore

99 1151 155 1201 Cum
165 1155 212 1202 iam
222 1171 267 1220 per
277 1163 358 1205 terras
368 1155 483 1205 frondent
493 1164 569 1219 atque
581 1158 663 1204 omnia
672 1157 768 1217 florent,

98 1232 147 1280 Aut
156 1235 234 1284 nimiis
244 1243 326 1285 torret
335 1235 471 1284 fervoribus
482 1235 606 1284 aetherius
616 1234 652 1283 sol

99 1311 147 1360 Ant
155 1314 227 1363 subiti
237 1322 368 1380 peremunt
379 1315 464 1364 imbris
474 1315 618 1378 gelidaeque
628 1315 738 1378 pruinae,

99 1389 226 1458 Flabraque
236 1402 368 1444 ventorum
378 1395 484 1443 violento
494 1393 593 1442 turbine
605 1401 703 1442 vexant

98 1463 218 1519 Praeterea
226 1486 308 1536 genus
316 1470 463 1518 horriferum
474 1476 564 1516 nature
574 1469 682 1516 ferarum

98 1537 216 1594 Humanae
224 1547 296 1612 genti
305 1546 422 1595 infestum
430 1553 545 1608 terraque
555 1545 666 1608 marique

99 1619 144 1669 Cur
153 1622 195 1672 alit
204 1632 280 1687 atque
292 1623 388 1687 auget?
404 1637 449 1672 cnr
459 1624 517 1671 anni
528 1629 638 1686 tempora
648 1621 745 1670 morbos

97 1697 249 1761 Adportaut?
265 1714 345 1764 quare
354 1714 419 1748 mors
429 1699 561 1748 immatura
570 1699 693 1762 vagatur?

98 1770 154 1822 'Ilum
164 1790 236 1838 porro
246 1791 319 1840 puer,
329 1781 358 1823 ut
368 1775 445 1823 saeris
454 1777 576 1838 proiectus
586 1774 618 1823 ab
629 1774 702 1824 undis

83 1877 85 1884 ·
98 1848 187 1912 Navita,
196 1852 278 1900 nudus
288 1851 359 1900 humi
370 1851 440 1908 iacet,
452 1851 541 1908 infans,
551 1849 650 1914 indigus
659 1852 724 1898 omui

98 1927 169 1978 Vitali
179 1933 280 1994 auxilio,
292 1947 349 1980 cum
360 1931 465 1995 primum
476 1931 501 1978 in
512 1930 612 1978 luminis
623 1944 678 1977 oras

97 2007 118 2056 N
119 2010 194 2060 ixibus
205 2028 238 2060 ex
248 2011 306 2060 alvo
316 2011 403 2059 matris
412 2018 502 2059 natura
511 2009 629 2074 proludit,

97 2087 231 2157 Vagituqus
242 2093 326 2141 locum
336 2090 438 2155 lugubri
448 2089 562 2154 complet,
572 2095 601 2137 ut
611 2095 720 2137 aecumst

96 2167 137 2217 Cui
148 2178 240 2220 tantum
251 2173 280 2220 in
291 2173 342 2220 vita
351 2178 427 2218 restet
438 2171 542 2218 transire
554 2169 681 2217 malorum.

96 2249 129 2296 At
138 2252 215 2299 variae
225 2258 341 2300 crescunt
351 2250 456 2314 pecudes
467 2257 577 2296 armenta
587 2249 702 2312 feraeque

96 2327 143 2377 Ilec
152 2332 307 2396 crepitacillis
318 2346 381 2395 opus
391 2338 483 2381 estnec
493 2331 608 2393 cuiquam
617 2327 780 2377 adhibendast

95 2408 176 2458 Almae
185 2411 291 2460 nutricis
301 2409 393 2458 blanda
403 2417 477 2472 atque
488 2408 594 2457 infracta
603 2407 719 2470 loquella,

95 2485 142 2536 Nee
152 2493 232 2539 varias
242 2495 368 2554 quaerunt
378 2495 460 2537 vestes
470 2503 515 2552 pro
526 2496 636 2550 tempore
646 2487 714 2548 caeli,

94 2566 200 2633 Denique
211 2587 262 2619 non
273 2571 350 2618 armis
360 2584 421 2632 opus
431 2577 477 2629 est,
488 2583 536 2616 non
547 2568 673 2616 moenibus
683 2566 748 2628 altis,

94 2644 139 2704 Qui
149 2663 193 2696 sna
203 2656 327 2706 tutentur,
339 2647 436 2710 qusndo
447 2647 559 2695 omuibus
570 2647 651 2694 omnia
662 2645 730 2708 large

91 2722 170 2777 Tellus
179 2730 234 2794 ipsa
244 2729 313 2794 parit
323 2735 459 2790 naturaque
470 2727 572 2774 daedala
582 2741 672 2774 rerum.

638 2820 660 2852 v.
672 2809 783 2853 wil-234.
