2070 3542
271 389 273 394 ’
338 383 543 428 Venerunt.
747 399 791 443 ¹05

111 476 220 542 Armiger
232 478 394 539 Automedon,
405 493 455 526 una
464 477 544 525 omnis
558 475 646 540 Scyria
655 475 733 539 pubes

110 554 240 606 Snoeedunt
248 563 320 618 teet),
330 564 356 605 et
366 557 478 606 flammas
489 557 520 605 ad
531 556 639 605 eulmina
650 556 749 605 iactant.

109 633 161 698 Ipse
171 636 233 685 inter
241 639 332 700 primos
341 644 456 700 correpta
467 637 530 685 dura
540 637 640 700 bipenni

108 715 200 764 Limina
209 719 353 782 perrumpit,
363 718 490 781 postisque
502 732 517 764 e
528 715 628 765 cardine
638 716 707 766 vellit

107 794 208 844 Aeratos
217 815 225 861 3
242 797 339 862 iamque
350 799 435 846 excise
446 797 516 846 trabe
527 797 600 845 firma
610 798 706 846 navavit

108 871 208 936 Robora,
219 883 243 924 et
253 877 377 942 ingentem
387 877 438 926 leto
449 876 516 925 dedit
526 892 569 925 ore
581 877 719 926 fenestram.

106 953 213 1018 Adparet
222 956 309 1006 domus
320 957 396 1017 intus,
408 964 433 1006 et
444 958 509 1006 atria
519 957 595 1022 longe
604 963 748 1020 patescunt,

106 1033 228 1097 Adparent
238 1035 333 1084 Priami
343 1043 370 1085 et
379 1043 490 1085 veterum
500 1037 638 1102 penetralis
647 1052 744 1102 regum,

105 1114 268 1180 Armatosqne
279 1117 364 1165 vident
375 1113 464 1166 stebtis
475 1119 501 1166 in
512 1117 596 1166 limine
605 1117 693 1181 primo.

134 1194 169 1243 At
181 1195 268 1245 domus
280 1197 384 1244 interior
394 1198 488 1261 gemitu
499 1197 638 1260 miseroque
648 1195 756 1244 tumultu

106 1271 229 1338 Miscetur,
241 1277 390 1340 penitusque
400 1291 473 1325 esrae
483 1276 644 1342 plangoribus
654 1275 726 1324 aedes

104 1353 222 1404 Femineis
231 1355 349 1421 ululant3
367 1357 426 1404 ferit
435 1372 511 1406 auree
522 1357 603 1405 sidera
614 1356 711 1406 elamor.

18 1423 19 1442 ³
104 1433 163 1484 Turn
176 1436 281 1500 pavidae
295 1437 366 1485 tectis
376 1443 468 1486 matres
479 1436 621 1501 ingentibus
632 1444 725 1498 errant,

103 1515 286 1581 Amplexaeque
297 1523 381 1565 tenent
391 1518 469 1581 postis
479 1525 555 1581 atque
564 1517 647 1566 osenla
658 1517 744 1582 figunt

104 1595 178 1646 Instat
189 1599 212 1646 vi
222 1597 307 1662 petria
316 1596 430 1660 Pyrrhus
440 1616 448 1660 3
465 1613 510 1645 nee
522 1597 639 1660 eluustra,
649 1613 729 1660 neque
739 1597 785 1662 ipsi

102 1673 215 1726 Custodes
225 1676 332 1726 sufferre
342 1675 426 1725 valent
435 1695 442 1740 3
458 1676 526 1724 labat
536 1679 613 1726 ariete
623 1678 710 1726 erebro

101 1753 181 1818 Ianua,
194 1763 220 1806 et
230 1757 308 1806 emoti
317 1756 482 1822 procumbunt
492 1757 591 1806 cardine
599 1763 689 1820 postes.

99 1832 139 1883 Fit
148 1836 187 1884 via
197 1836 220 1884 vi
229 1855 236 1899 3
255 1841 377 1898 rumpunt
387 1835 476 1900 aditus,
487 1837 628 1900 primosque
639 1835 764 1886 trucidant

99 1913 192 1964 Inmissi
210 1917 305 1976 Danai,
315 1923 341 1963 et
351 1915 400 1963 late
410 1915 463 1964 inea
472 1915 549 1964 milite
560 1916 681 1980 conplent

100 1991 153 2043 Non
162 1997 206 2058 sie,
217 1995 355 2061 aggeribus
365 1996 446 2059 ruptis
458 2009 514 2044 oum
526 2011 643 2059 spumeus
652 1997 731 2043 amnis

98 2073 163 2124 Exiit
174 2079 354 2140 oppositasque
365 2075 439 2122 evicit
448 2075 548 2139 gurgite
558 2074 643 2137 moles,

98 2152 182 2206 Fertur
190 2157 217 2204 in
225 2171 289 2205 arva
297 2155 383 2203 furens
390 2154 498 2212 cumulo,
505 2170 654 2218 camposque
668 2158 795 2219 peremnis

96 2235 155 2284 Cum
166 2236 272 2286 stabulis
288 2240 403 2283 armenta
413 2235 497 2283 trabit.
529 2234 592 2283 Vidi
601 2237 654 2298 ipse
665 2235 788 2284 furentem

17 2329 19 2368 i
96 2314 371 2380 CaedeNeoptolemum
380 2315 537 2379 geminosque
545 2315 661 2364 inlimine
676 2316 790 2376 Atridam

95 2393 152 2446 Vidi
163 2396 300 2445 Hecubam
310 2401 459 2458 eantumque
472 2409 559 2455 nurus,
569 2393 744 2457 Priamumque
751 2409 794 2458 per

100 2491 378 2621 sangermanensem
398 2569 459 2617 quos
470 2555 522 2618 ipse
533 2561 681 2616 sacraverat,
692 2555 763 2618 ignis

98 2633 292 2701 Quinquaginta
302 2633 339 2682 illi
350 2633 461 2695 thalami,
473 2649 528 2697 spes
539 2641 609 2682 tanta
619 2641 745 2697 nepotum,

98 2712 237 2764 Burbarieo
248 2719 333 2778 postes
344 2728 405 2761 auro
416 2711 548 2778 spoliisque
559 2712 667 2776 superbi,

97 2793 281 2859 Procubuere3
298 2798 382 2842 tenent
394 2793 484 2855 Danai,
496 2809 545 2858 qus
556 2793 639 2841 deficit
648 2791 719 2856 ignis.
