2098 3546
381 383 558 430 LUCANUS.

338 597 342 602 '
409 587 515 655 cnxxrrr.

259 723 312 778 Tite
329 726 418 780 Grooe
430 747 495 782 near
508 731 669 788 Marseilles

150 822 210 899 W
178 827 344 943 W“JZUCUS
355 857 408 897 erat
417 849 491 915 longo
501 864 636 913 numquam
646 849 752 900 violatus
764 851 796 900 ab

331 941 400 988 aevo,

53 1037 57 1046 .
138 1006 189 1050 m
216 1010 241 1049 222
266 1006 434 1054 Obscurum
413 1022 512 1071 cmgens
522 1022 639 1055 connexu
651 1009 710 1056 aere
719 1023 805 1071 ramrs,

123 1083 155 1133 Et
166 1085 259 1150 gelidas
270 1087 319 1135 alte
330 1087 449 1135 submotis
461 1086 553 1136 solibus
564 1087 672 1138 umbras.

123 1163 197 1214 Hunc
207 1181 255 1214 non
265 1167 384 1215 ruricolae
395 1166 484 1228 Panes,
495 1182 671 1230 nemorumque
681 1175 792 1230 potentes

123 1245 216 1294 Silvani
226 1246 406 1311 Nymphaeque
417 1254 510 1307 tenent,
522 1245 564 1294 sed
575 1247 681 1296 barbara
691 1248 740 1295 ritu

123 1325 199 1375 Sacra
210 1327 290 1384 deum,
301 1335 408 1376 structae
418 1327 478 1376 diris
488 1327 607 1376 altaribus
617 1342 689 1390 arae3

123 1406 255 1470 Omnisque
267 1408 380 1456 humanis
390 1407 494 1456 lustrata
505 1406 633 1456 cruoribus
643 1408 723 1457 arbos.

124 1486 152 1536 Si
161 1503 211 1551 que
220 1487 294 1537 fidem
305 1490 396 1536 meruit
408 1503 509 1552 superos
519 1489 609 1536 mirate
618 1494 736 1549 vetustas,

121 1567 176 1616 Illis
187 1575 213 1616 et
222 1569 332 1618 volucres
343 1576 456 1618 metuunt
466 1569 579 1616 insistere
590 1569 673 1628 ramis,

121 1647 156 1697 Et
164 1647 249 1698 lustris
259 1650 377 1698 recubare
386 1649 469 1698 ferae:
485 1664 531 1696 nec
542 1654 628 1696 ventus
639 1649 666 1696 in
676 1647 731 1696 illas

120 1727 238 1778 Incubuit
248 1729 330 1790 silves,
340 1745 492 1794 excussaque
502 1729 609 1778 nubibus
620 1731 681 1778 atris

120 1806 247 1874 Fulgura:
263 1824 312 1857 non
323 1809 379 1857 ullis
390 1809 501 1858 frondem
512 1808 685 1873 praebentibus
696 1809 763 1858 auris

119 1887 261 1937 Arboribus
272 1904 330 1936 suus
340 1888 427 1937 horror
437 1889 507 1937 inest.
542 1887 606 1936 Tum
616 1888 723 1953 piurima
733 1889 812 1953 nigris

121 1967 241 2016 Fontibus
251 1969 318 2017 unda
324 1968 398 2029 cadit,
404 1969 583 2032 simulacraque
589 1976 683 2018 maesta
691 1969 792 2018 deorum

120 2049 186 2097 Arte
196 2057 289 2111 carent,
300 2051 426 2112 caesisque
437 2055 525 2098 extent
535 2050 650 2098 informia
660 2050 762 2097 truncis.

120 2128 179 2193 Ipse
190 2130 252 2177 situs
262 2131 378 2194 putrique
390 2130 449 2178 facit
460 2131 510 2178 iam
519 2129 606 2178 robore
617 2127 696 2192 pellor

120 2209 250 2258 Attonitos
262 2228 268 2258 ε
285 2225 334 2258 ιιοιι
345 2210 451 2274 vulgatis
462 2217 559 2258 sacrata
569 2209 657 2274 figuris

120 2289 231 2337 Numina
242 2291 277 2338 sic
288 2297 415 2339 metuunt:
432 2297 528 2338 tantum
539 2289 675 2338 terroribus
685 2288 762 2346 addit,

122 2369 191 2428 Quos
203 2371 305 2418 timeant
315 2385 364 2418 non
375 2385 444 2418 nosse
456 2370 521 2418 deos.
554 2369 608 2417 Iam
619 2369 686 2417 fama
695 2369 789 2418 ferebat

122 2448 201 2512 Saepe
211 2464 283 2498 caras
294 2457 363 2498 motu
372 2456 453 2498 terrae
464 2450 559 2512 mugire
569 2463 696 2508 cavernas,

120 2529 155 2577 Et
165 2529 351 2593 procumbentes
362 2531 451 2578 iterum
462 2543 609 2593 consurgere
621 2535 701 2590 taxos,

121 2609 157 2658 Et
166 2624 216 2657 non
226 2609 334 2658 ardentis
346 2609 441 2674 dulgere
451 2609 563 2656 incendia
574 2609 659 2668 silvas,

121 2689 272 2752 Roboraque
281 2689 407 2754 amplexos
418 2687 611 2738 circumfluxisse
622 2687 746 2738 dracones.

120 2768 179 2817 Non
190 2768 259 2817 illum
270 2767 338 2817 cultu
348 2769 432 2833 populi
442 2769 555 2833 propiore
566 2767 732 2830 frequentent,

466 2861 478 2896 s
