<?xml version="1.0" encoding="UTF-8"?>
<!DOCTYPE html PUBLIC "-//W3C//DTD XHTML 1.0 Transitional//EN"
    "http://www.w3.org/TR/xhtml1/DTD/xhtml1-transitional.dtd">
<html xmlns="http://www.w3.org/1999/xhtml" xml:lang="en" lang="en">
 <head>
  <title>
</title>
<meta http-equiv="Content-Type" content="text/html;charset=utf-8" />
  <meta name='ocr-system' content='tesseract 3.04.00' />
  <meta name='ocr-capabilities' content='ocr_page ocr_carea ocr_par ocr_line ocrx_word'/>
</head>
<body>
  <div class='ocr_page' id='page_1' title='image "./anthologialatin01thacgoog_0119.png"; bbox 0 0 2070 3542; ppageno 0'>
   <div class='ocr_carea' id='block_1_1' title="bbox 355 336 555 380">
    <p class='ocr_par' dir='ltr' id='par_1_1' title="bbox 355 336 555 380">
     <span class='ocr_line' id='line_1_1' title="bbox 355 336 555 380; baseline -0.005 -1"><span class='ocrx_word' id='word_1_1' title='bbox 355 336 555 380; x_wconf 64' lang='lat' dir='ltr'>veleamus</span> 
     </span>
    </p>
   </div>
   <div class='ocr_carea' id='block_1_2' title="bbox 415 580 498 618">
    <p class='ocr_par' dir='ltr' id='par_1_2' title="bbox 415 580 498 618">
     <span class='ocr_line' id='line_1_2' title="bbox 415 580 498 618; baseline 0.036 -3"><span class='ocrx_word' id='word_1_2' title='bbox 415 580 498 618; x_wconf 74' lang='lat' dir='ltr'>Lxxx.</span> 
     </span>
    </p>
   </div>
   <div class='ocr_carea' id='block_1_3' title="bbox 316 682 609 738">
    <p class='ocr_par' dir='ltr' id='par_1_3' title="bbox 316 682 609 738">
     <span class='ocr_line' id='line_1_3' title="bbox 316 682 609 738; baseline 0.01 -3"><span class='ocrx_word' id='word_1_3' title='bbox 316 682 451 738; x_wconf 74' lang='lat' dir='ltr'><strong><em>Aeneidos.</em></strong></span> <span class='ocrx_word' id='word_1_4' title='bbox 489 685 552 738; x_wconf 84' lang='lat' dir='ltr'>Lm.</span> <span class='ocrx_word' id='word_1_5' title='bbox 571 685 609 738; x_wconf 92' lang='lat'>11.</span> 
     </span>
    </p>
   </div>
   <div class='ocr_carea' id='block_1_4' title="bbox 118 801 804 1001">
    <p class='ocr_par' dir='ltr' id='par_1_4' title="bbox 118 801 804 1001">
     <span class='ocr_line' id='line_1_4' title="bbox 406 801 496 855; baseline 0 -1"><span class='ocrx_word' id='word_1_6' title='bbox 406 801 496 855; x_wconf 75' lang='lat' dir='ltr'>Simo.</span> 
     </span>
     <span class='ocr_line' id='line_1_5' title="bbox 118 894 804 1001; baseline 0 -43"><span class='ocrx_word' id='word_1_7' title='bbox 118 894 225 1001; x_wconf 36' lang='lat' dir='ltr'>312}ss</span> <span class='ocrx_word' id='word_1_8' title='bbox 232 907 355 959; x_wconf 82' lang='lat' dir='ltr'><strong>UNOTA</strong></span> <span class='ocrx_word' id='word_1_9' title='bbox 370 910 483 973; x_wconf 79' lang='lat' dir='ltr'>equidem</span> <span class='ocrx_word' id='word_1_10' title='bbox 494 910 549 970; x_wconf 89' lang='lat' dir='ltr'>tibi,</span> <span class='ocrx_word' id='word_1_11' title='bbox 561 910 625 968; x_wconf 79' lang='lat' dir='ltr'>Rex,</span> <span class='ocrx_word' id='word_1_12' title='bbox 636 909 711 959; x_wconf 81' lang='lat' dir='ltr'>fuerit</span> <span class='ocrx_word' id='word_1_13' title='bbox 727 910 804 973; x_wconf 83' lang='lat' dir='ltr'>quod·</span> 
     </span>
    </p>
   </div>
   <div class='ocr_carea' id='block_1_5' title="bbox 111 976 812 2330">
    <p class='ocr_par' dir='ltr' id='par_1_5' title="bbox 116 976 534 1055">
     <span class='ocr_line' id='line_1_6' title="bbox 116 976 534 1055; baseline 0.007 -19"><span class='ocrx_word' id='word_1_14' title='bbox 116 976 132 1055; x_wconf 56' lang='lat' dir='ltr'>e]</span> <span class='ocrx_word' id='word_1_15' title='bbox 143 978 225 1050; x_wconf 45' lang='lat'>¹3¹³&amp;</span> <span class='ocrx_word' id='word_1_16' title='bbox 313 1004 428 1053; x_wconf 81' lang='lat' dir='ltr'>eumque,</span> <span class='ocrx_word' id='word_1_17' title='bbox 438 990 534 1039; x_wconf 77' lang='lat' dir='ltr'>fatebor</span> 
     </span>
    </p>

    <p class='ocr_par' dir='ltr' id='par_1_6' title="bbox 115 1034 804 1214">
     <span class='ocr_line' id='line_1_7' title="bbox 115 1034 804 1136; baseline 0.007 -23"><span class='ocrx_word' id='word_1_18' title='bbox 115 1034 224 1123; x_wconf 41' lang='lat' dir='ltr'>&amp;Q</span> <span class='ocrx_word' id='word_1_19' title='bbox 248 1069 328 1129; x_wconf 76' lang='lat' dir='ltr'>Vero,</span> <span class='ocrx_word' id='word_1_20' title='bbox 351 1069 449 1136; x_wconf 80' lang='lat' dir='ltr'>inquit3</span> <span class='ocrx_word' id='word_1_21' title='bbox 474 1086 555 1135; x_wconf 86' lang='lat' dir='ltr'>neque</span> <span class='ocrx_word' id='word_1_22' title='bbox 574 1086 613 1118; x_wconf 89' lang='lat' dir='ltr'>me</span> <span class='ocrx_word' id='word_1_23' title='bbox 636 1071 755 1135; x_wconf 79' lang='lat' dir='ltr'>Argolica</span> <span class='ocrx_word' id='word_1_24' title='bbox 774 1073 804 1119; x_wconf 85' lang='lat' dir='ltr'>do</span> 
     </span>
     <span class='ocr_line' id='line_1_8' title="bbox 206 1149 404 1214; baseline 0 -16"><span class='ocrx_word' id='word_1_25' title='bbox 206 1157 282 1214; x_wconf 79' lang='lat' dir='ltr'>gente</span> <span class='ocrx_word' id='word_1_26' title='bbox 294 1149 404 1214; x_wconf 81' lang='lat' dir='ltr'>negeb03</span> 
     </span>
    </p>

    <p class='ocr_par' dir='ltr' id='par_1_7' title="bbox 112 1229 783 1300">
     <span class='ocr_line' id='line_1_9' title="bbox 112 1229 783 1300; baseline 0 -20"><span class='ocrx_word' id='word_1_27' title='bbox 112 1232 164 1280; x_wconf 82' lang='lat' dir='ltr'>Hoc</span> <span class='ocrx_word' id='word_1_28' title='bbox 175 1232 300 1295; x_wconf 79' lang='lat' dir='ltr'>primum3</span> <span class='ocrx_word' id='word_1_29' title='bbox 318 1245 371 1289; x_wconf 88' lang='lat' dir='ltr'>neo,</span> <span class='ocrx_word' id='word_1_30' title='bbox 383 1231 405 1278; x_wconf 88' lang='lat' dir='ltr'>si</span> <span class='ocrx_word' id='word_1_31' title='bbox 416 1231 533 1300; x_wconf 87' lang='lat' dir='ltr'>miserum</span> <span class='ocrx_word' id='word_1_32' title='bbox 544 1229 656 1278; x_wconf 77' lang='lat' dir='ltr'>Fortuna</span> <span class='ocrx_word' id='word_1_33' title='bbox 668 1229 783 1280; x_wconf 81' lang='lat' dir='ltr'>Sinonem</span> 
     </span>
    </p>

    <p class='ocr_par' dir='ltr' id='par_1_8' title="bbox 111 1310 804 1378">
     <span class='ocr_line' id='line_1_10' title="bbox 111 1310 804 1378; baseline 0.001 -19"><span class='ocrx_word' id='word_1_34' title='bbox 111 1311 206 1372; x_wconf 79' lang='lat' dir='ltr'>Finxit,</span> <span class='ocrx_word' id='word_1_35' title='bbox 217 1324 309 1358; x_wconf 77' lang='lat' dir='ltr'>venum</span> <span class='ocrx_word' id='word_1_36' title='bbox 320 1311 395 1359; x_wconf 83' lang='lat' dir='ltr'>etium</span> <span class='ocrx_word' id='word_1_37' title='bbox 406 1311 598 1374; x_wconf 82' lang='lat' dir='ltr'>mendacemque</span> <span class='ocrx_word' id='word_1_38' title='bbox 609 1310 711 1374; x_wconf 84' lang='lat' dir='ltr'>inproba</span> <span class='ocrx_word' id='word_1_39' title='bbox 721 1311 804 1378; x_wconf 83' lang='lat' dir='ltr'>finget.</span> 
     </span>
    </p>

    <p class='ocr_par' dir='ltr' id='par_1_9' title="bbox 112 1389 724 1455">
     <span class='ocr_line' id='line_1_11' title="bbox 112 1389 724 1455; baseline 0.002 -16"><span class='ocrx_word' id='word_1_40' title='bbox 112 1391 197 1440; x_wconf 68' lang='lat' dir='ltr'>Fando</span> <span class='ocrx_word' id='word_1_41' title='bbox 208 1389 308 1455; x_wconf 74' lang='lat' dir='ltr'>aliquod</span> <span class='ocrx_word' id='word_1_42' title='bbox 319 1392 341 1439; x_wconf 91' lang='lat' dir='ltr'>si</span> <span class='ocrx_word' id='word_1_43' title='bbox 351 1391 415 1440; x_wconf 75' lang='lat' dir='ltr'>forts</span> <span class='ocrx_word' id='word_1_44' title='bbox 427 1399 482 1440; x_wconf 82' lang='lat' dir='ltr'>tuas</span> <span class='ocrx_word' id='word_1_45' title='bbox 492 1391 645 1454; x_wconf 78' lang='lat' dir='ltr'>pervenitad</span> <span class='ocrx_word' id='word_1_46' title='bbox 657 1392 724 1440; x_wconf 84' lang='lat' dir='ltr'>euris</span> 
     </span>
    </p>

    <p class='ocr_par' dir='ltr' id='par_1_10' title="bbox 112 1469 681 1520">
     <span class='ocr_line' id='line_1_12' title="bbox 112 1469 681 1520; baseline -0.004 1"><span class='ocrx_word' id='word_1_47' title='bbox 112 1470 213 1520; x_wconf 71' lang='lat' dir='ltr'>Belidae</span> <span class='ocrx_word' id='word_1_48' title='bbox 224 1485 314 1518; x_wconf 88' lang='lat' dir='ltr'>nomen</span> <span class='ocrx_word' id='word_1_49' title='bbox 325 1469 464 1518; x_wconf 75' lang='lat' dir='ltr'><strong>Palamedis</strong></span> <span class='ocrx_word' id='word_1_50' title='bbox 475 1478 501 1519; x_wconf 88' lang='lat' dir='ltr'>et</span> <span class='ocrx_word' id='word_1_51' title='bbox 511 1469 604 1518; x_wconf 83' lang='lat' dir='ltr'>incluta</span> <span class='ocrx_word' id='word_1_52' title='bbox 615 1471 681 1519; x_wconf 79' lang='lat' dir='ltr'>sams</span> 
     </span>
    </p>

    <p class='ocr_par' dir='ltr' id='par_1_11' title="bbox 114 1549 683 1616">
     <span class='ocr_line' id='line_1_13' title="bbox 114 1549 683 1616; baseline -0.002 -16"><span class='ocrx_word' id='word_1_53' title='bbox 114 1549 209 1612; x_wconf 72' lang='lat' dir='ltr'>Gloria,</span> <span class='ocrx_word' id='word_1_54' title='bbox 219 1564 294 1614; x_wconf 88' lang='lat' dir='ltr'>quem</span> <span class='ocrx_word' id='word_1_55' title='bbox 305 1549 368 1598; x_wconf 78' lang='lat' dir='ltr'>falsu</span> <span class='ocrx_word' id='word_1_56' title='bbox 379 1549 425 1598; x_wconf 87' lang='lat' dir='ltr'>sub</span> <span class='ocrx_word' id='word_1_57' title='bbox 435 1549 574 1614; x_wconf 88' lang='lat' dir='ltr'>proditione</span> <span class='ocrx_word' id='word_1_58' title='bbox 586 1550 683 1616; x_wconf 81' lang='lat' dir='ltr'><strong>Pelasgi</strong></span> 
     </span>
    </p>

    <p class='ocr_par' dir='ltr' id='par_1_12' title="bbox 113 1629 726 1694">
     <span class='ocr_line' id='line_1_14' title="bbox 113 1629 726 1694; baseline 0.003 -16"><span class='ocrx_word' id='word_1_59' title='bbox 113 1629 239 1678; x_wconf 89' lang='lat' dir='ltr'>Insontem</span> <span class='ocrx_word' id='word_1_60' title='bbox 251 1629 353 1678; x_wconf 78' lang='lat' dir='ltr'>infundo</span> <span class='ocrx_word' id='word_1_61' title='bbox 364 1629 463 1690; x_wconf 84' lang='lat' dir='ltr'>indicio,</span> <span class='ocrx_word' id='word_1_62' title='bbox 475 1630 534 1693; x_wconf 85' lang='lat' dir='ltr'>quio</span> <span class='ocrx_word' id='word_1_63' title='bbox 545 1629 609 1678; x_wconf 84' lang='lat' dir='ltr'>belle</span> <span class='ocrx_word' id='word_1_64' title='bbox 619 1631 726 1694; x_wconf 79' lang='lat' dir='ltr'>vetabat,</span> 
     </span>
    </p>

    <p class='ocr_par' dir='ltr' id='par_1_13' title="bbox 113 1708 713 1775">
     <span class='ocr_line' id='line_1_15' title="bbox 113 1708 713 1775; baseline 0.003 -17"><span class='ocrx_word' id='word_1_65' title='bbox 113 1709 240 1758; x_wconf 79' lang='lat' dir='ltr'>Demisere</span> <span class='ocrx_word' id='word_1_66' title='bbox 245 1708 315 1768; x_wconf 82' lang='lat' dir='ltr'>Neci,</span> <span class='ocrx_word' id='word_1_67' title='bbox 324 1723 390 1756; x_wconf 90' lang='lat' dir='ltr'>nuno</span> <span class='ocrx_word' id='word_1_68' title='bbox 400 1723 496 1757; x_wconf 80' lang='lat' dir='ltr'>cussum</span> <span class='ocrx_word' id='word_1_69' title='bbox 507 1709 599 1757; x_wconf 91' lang='lat' dir='ltr'>lumine</span> <span class='ocrx_word' id='word_1_70' title='bbox 610 1709 696 1775; x_wconf 85' lang='lat' dir='ltr'>lugent</span> <span class='ocrx_word' id='word_1_71' title='bbox 706 1731 713 1761; x_wconf 73' lang='grc' dir='ltr'><strong><em>ε</em></strong></span> 
     </span>
    </p>

    <p class='ocr_par' dir='ltr' id='par_1_14' title="bbox 113 1779 784 1854">
     <span class='ocr_line' id='line_1_16' title="bbox 113 1779 784 1854; baseline 0.004 -18"><span class='ocrx_word' id='word_1_72' title='bbox 113 1788 154 1836; x_wconf 90' lang='lat' dir='ltr'>Illi</span> <span class='ocrx_word' id='word_1_73' title='bbox 164 1804 205 1836; x_wconf 92' lang='lat' dir='ltr'>me</span> <span class='ocrx_word' id='word_1_74' title='bbox 216 1789 330 1836; x_wconf 79' lang='lat' dir='ltr'>comitem</span> <span class='ocrx_word' id='word_1_75' title='bbox 342 1796 367 1836; x_wconf 92' lang='lat' dir='ltr'>et</span> <span class='ocrx_word' id='word_1_76' title='bbox 378 1789 589 1852; x_wconf 81' lang='lat' dir='ltr'>oonsunguinitute</span> <span class='ocrx_word' id='word_1_77' title='bbox 600 1791 766 1854; x_wconf 86' lang='lat' dir='ltr'>propinquum</span> <span class='ocrx_word' id='word_1_78' title='bbox 780 1779 784 1784; x_wconf 47' lang='grc'>’</span> 
     </span>
    </p>

    <p class='ocr_par' dir='ltr' id='par_1_15' title="bbox 113 1867 775 1932">
     <span class='ocr_line' id='line_1_17' title="bbox 113 1867 775 1932; baseline 0.003 -15"><span class='ocrx_word' id='word_1_79' title='bbox 113 1867 213 1932; x_wconf 74' lang='lat' dir='ltr'>Pauper</span> <span class='ocrx_word' id='word_1_80' title='bbox 222 1869 249 1916; x_wconf 93' lang='lat' dir='ltr'>in</span> <span class='ocrx_word' id='word_1_81' title='bbox 259 1883 329 1916; x_wconf 66' lang='lat' dir='ltr'>mma</span> <span class='ocrx_word' id='word_1_82' title='bbox 339 1875 410 1932; x_wconf 82' lang='lat' dir='ltr'>peter</span> <span class='ocrx_word' id='word_1_83' title='bbox 420 1869 507 1932; x_wconf 86' lang='lat' dir='ltr'>primis</span> <span class='ocrx_word' id='word_1_84' title='bbox 517 1867 566 1916; x_wconf 81' lang='lat' dir='ltr'>hue</span> <span class='ocrx_word' id='word_1_85' title='bbox 577 1869 644 1917; x_wconf 81' lang='lat' dir='ltr'>misit</span> <span class='ocrx_word' id='word_1_86' title='bbox 654 1869 686 1918; x_wconf 82' lang='lat' dir='ltr'>ub</span> <span class='ocrx_word' id='word_1_87' title='bbox 696 1872 775 1920; x_wconf 80' lang='lat' dir='ltr'>annis.</span> 
     </span>
    </p>

    <p class='ocr_par' dir='ltr' id='par_1_16' title="bbox 113 1947 762 2013">
     <span class='ocr_line' id='line_1_18' title="bbox 113 1947 762 2013; baseline 0.003 -17"><span class='ocrx_word' id='word_1_88' title='bbox 113 1947 179 1996; x_wconf 89' lang='lat' dir='ltr'>Dum</span> <span class='ocrx_word' id='word_1_89' title='bbox 192 1947 275 1997; x_wconf 78' lang='lat' dir='ltr'>stabnt</span> <span class='ocrx_word' id='word_1_90' title='bbox 286 1963 364 2012; x_wconf 80' lang='lat' dir='ltr'>regno</span> <span class='ocrx_word' id='word_1_91' title='bbox 374 1948 502 1996; x_wconf 86' lang='lat' dir='ltr'>incolumis</span> <span class='ocrx_word' id='word_1_92' title='bbox 513 1963 649 2013; x_wconf 81' lang='lat' dir='ltr'>regumque</span> <span class='ocrx_word' id='word_1_93' title='bbox 663 1950 762 2013; x_wconf 71' lang='lat' dir='ltr'>vigebat</span> 
     </span>
    </p>

    <p class='ocr_par' dir='ltr' id='par_1_17' title="bbox 114 2026 812 2092">
     <span class='ocr_line' id='line_1_19' title="bbox 114 2026 812 2092; baseline 0.001 -16"><span class='ocrx_word' id='word_1_94' title='bbox 114 2027 239 2092; x_wconf 72' lang='lat' dir='ltr'>Consiliis,</span> <span class='ocrx_word' id='word_1_95' title='bbox 251 2035 278 2076; x_wconf 88' lang='lat' dir='ltr'>et</span> <span class='ocrx_word' id='word_1_96' title='bbox 287 2043 331 2076; x_wconf 90' lang='lat' dir='ltr'>nos</span> <span class='ocrx_word' id='word_1_97' title='bbox 342 2026 444 2090; x_wconf 78' lang='lat' dir='ltr'>aliquod</span> <span class='ocrx_word' id='word_1_98' title='bbox 454 2043 591 2092; x_wconf 81' lang='lat' dir='ltr'>nomenque</span> <span class='ocrx_word' id='word_1_99' title='bbox 601 2028 723 2092; x_wconf 81' lang='lat' dir='ltr'>decusque</span> <span class='ocrx_word' id='word_1_100' title='bbox 811 2033 812 2036; x_wconf 76' lang='grc'>’</span> 
     </span>
    </p>

    <p class='ocr_par' dir='ltr' id='par_1_18' title="bbox 115 2107 745 2172">
     <span class='ocr_line' id='line_1_20' title="bbox 115 2107 745 2172; baseline 0.002 -16"><span class='ocrx_word' id='word_1_101' title='bbox 115 2107 252 2156; x_wconf 85' lang='lat' dir='ltr'>Gessimus.</span> <span class='ocrx_word' id='word_1_102' title='bbox 284 2107 381 2156; x_wconf 78' lang='lat' dir='ltr'>Invidia</span> <span class='ocrx_word' id='word_1_103' title='bbox 390 2114 520 2172; x_wconf 77' lang='lat' dir='ltr'>postquam</span> <span class='ocrx_word' id='word_1_104' title='bbox 531 2107 631 2172; x_wconf 80' lang='lat' dir='ltr'>pellacis</span> <span class='ocrx_word' id='word_1_105' title='bbox 643 2108 745 2158; x_wconf 84' lang='lat' dir='ltr'>Ulixi-</span> 
     </span>
    </p>

    <p class='ocr_par' dir='ltr' id='par_1_19' title="bbox 115 2186 745 2252">
     <span class='ocr_line' id='line_1_21' title="bbox 115 2186 745 2252; baseline 0.003 -16"><span class='ocrx_word' id='word_1_106' title='bbox 115 2186 190 2236; x_wconf 80' lang='lat' dir='ltr'>Haud</span> <span class='ocrx_word' id='word_1_107' title='bbox 200 2189 288 2252; x_wconf 76' lang='lat' dir='ltr'>ignote</span> <span class='ocrx_word' id='word_1_108' title='bbox 297 2187 513 2251; x_wconf 84' lang='lat' dir='ltr'>loquor-superis</span> <span class='ocrx_word' id='word_1_109' title='bbox 523 2189 643 2236; x_wconf 81' lang='lat' dir='ltr'>concessit</span> <span class='ocrx_word' id='word_1_110' title='bbox 654 2189 685 2237; x_wconf 82' lang='lat' dir='ltr'>eb</span> <span class='ocrx_word' id='word_1_111' title='bbox 695 2191 745 2238; x_wconf 88' lang='lat' dir='ltr'>oris</span> 
     </span>
    </p>

    <p class='ocr_par' dir='ltr' id='par_1_20' title="bbox 115 2266 758 2330">
     <span class='ocr_line' id='line_1_22' title="bbox 115 2266 758 2330; baseline 0.002 -14"><span class='ocrx_word' id='word_1_112' title='bbox 115 2267 241 2316; x_wconf 74' lang='lat' dir='ltr'>Adflictas</span> <span class='ocrx_word' id='word_1_113' title='bbox 251 2268 328 2314; x_wconf 79' lang='lat' dir='ltr'>vitam</span> <span class='ocrx_word' id='word_1_114' title='bbox 340 2267 366 2313; x_wconf 91' lang='lat' dir='ltr'>in</span> <span class='ocrx_word' id='word_1_115' title='bbox 377 2267 483 2314; x_wconf 78' lang='lat' dir='ltr'>tenebris</span> <span class='ocrx_word' id='word_1_116' title='bbox 493 2266 611 2330; x_wconf 82' lang='lat' dir='ltr'>luctuque</span> <span class='ocrx_word' id='word_1_117' title='bbox 621 2268 758 2330; x_wconf 71' lang='lat' dir='ltr'>trahebam,</span> 
     </span>
    </p>
   </div>
   <div class='ocr_carea' id='block_1_6' title="bbox 18 2346 713 2411">
    <p class='ocr_par' dir='ltr' id='par_1_21' title="bbox 18 2346 713 2411">
     <span class='ocr_line' id='line_1_23' title="bbox 18 2346 713 2411; baseline 0.004 -17"><span class='ocrx_word' id='word_1_118' title='bbox 18 2383 19 2386; x_wconf 66' lang='lat'>,</span> <span class='ocrx_word' id='word_1_119' title='bbox 115 2347 148 2394; x_wconf 83' lang='lat' dir='ltr'>Et</span> <span class='ocrx_word' id='word_1_120' title='bbox 158 2363 243 2396; x_wconf 80' lang='lat' dir='ltr'>casum</span> <span class='ocrx_word' id='word_1_121' title='bbox 257 2346 361 2394; x_wconf 85' lang='lat' dir='ltr'>insontis</span> <span class='ocrx_word' id='word_1_122' title='bbox 372 2361 467 2394; x_wconf 87' lang='lat' dir='ltr'>meeum</span> <span class='ocrx_word' id='word_1_123' title='bbox 478 2346 624 2411; x_wconf 79' lang='lat' dir='ltr'>indignabar</span> <span class='ocrx_word' id='word_1_124' title='bbox 634 2349 713 2398; x_wconf 77' lang='lat' dir='ltr'>emie&#39;n</span> 
     </span>
    </p>
   </div>
   <div class='ocr_carea' id='block_1_7' title="bbox 115 2425 781 2872">
    <p class='ocr_par' dir='ltr' id='par_1_22' title="bbox 115 2425 781 2807">
     <span class='ocr_line' id='line_1_24' title="bbox 115 2425 730 2490; baseline 0.005 -16"><span class='ocrx_word' id='word_1_125' title='bbox 115 2425 168 2476; x_wconf 83' lang='lat' dir='ltr'>Neo</span> <span class='ocrx_word' id='word_1_126' title='bbox 179 2427 247 2476; x_wconf 83' lang='lat' dir='ltr'>teeui</span> <span class='ocrx_word' id='word_1_127' title='bbox 259 2426 369 2486; x_wconf 88' lang='lat' dir='ltr'>demens,</span> <span class='ocrx_word' id='word_1_128' title='bbox 380 2435 405 2475; x_wconf 85' lang='lat' dir='ltr'>et</span> <span class='ocrx_word' id='word_1_129' title='bbox 415 2442 462 2485; x_wconf 87' lang='lat' dir='ltr'>mo,</span> <span class='ocrx_word' id='word_1_130' title='bbox 472 2426 524 2475; x_wconf 86' lang='lat' dir='ltr'>fors</span> <span class='ocrx_word' id='word_1_131' title='bbox 535 2427 557 2475; x_wconf 84' lang='lat' dir='ltr'>si</span> <span class='ocrx_word' id='word_1_132' title='bbox 567 2442 616 2490; x_wconf 80' lang='lat' dir='ltr'>que</span> <span class='ocrx_word' id='word_1_133' title='bbox 627 2428 730 2489; x_wconf 83' lang='lat' dir='ltr'>tulisset,</span> 
     </span>
     <span class='ocr_line' id='line_1_25' title="bbox 116 2504 772 2574; baseline 0.005 -20"><span class='ocrx_word' id='word_1_134' title='bbox 116 2504 143 2554; x_wconf 86' lang='lat' dir='ltr'>Si</span> <span class='ocrx_word' id='word_1_135' title='bbox 153 2507 250 2570; x_wconf 78' lang='lat' dir='ltr'>patrios</span> <span class='ocrx_word' id='word_1_136' title='bbox 262 2520 380 2568; x_wconf 76' lang='lat' dir='ltr'>umquem</span> <span class='ocrx_word' id='word_1_137' title='bbox 391 2521 538 2554; x_wconf 76' lang='lat' dir='ltr'>remeassem</span> <span class='ocrx_word' id='word_1_138' title='bbox 549 2507 627 2555; x_wconf 84' lang='lat' dir='ltr'>vietor</span> <span class='ocrx_word' id='word_1_139' title='bbox 637 2506 668 2555; x_wconf 81' lang='lat' dir='ltr'>sd</span> <span class='ocrx_word' id='word_1_140' title='bbox 679 2508 772 2574; x_wconf 79' lang='lat' dir='ltr'>Argos,</span> 
     </span>
     <span class='ocr_line' id='line_1_26' title="bbox 116 2585 728 2649; baseline 0.002 -15"><span class='ocrx_word' id='word_1_141' title='bbox 116 2585 226 2636; x_wconf 83' lang='lat' dir='ltr'>Promisi</span> <span class='ocrx_word' id='word_1_142' title='bbox 238 2586 354 2647; x_wconf 86' lang='lat' dir='ltr'>ultorem,</span> <span class='ocrx_word' id='word_1_143' title='bbox 365 2591 391 2634; x_wconf 83' lang='lat' dir='ltr'>et</span> <span class='ocrx_word' id='word_1_144' title='bbox 400 2585 481 2635; x_wconf 81' lang='lat' dir='ltr'>verbis</span> <span class='ocrx_word' id='word_1_145' title='bbox 492 2585 548 2635; x_wconf 86' lang='lat' dir='ltr'>odis</span> <span class='ocrx_word' id='word_1_146' title='bbox 559 2601 646 2649; x_wconf 77' lang='lat' dir='ltr'>aspero</span> <span class='ocrx_word' id='word_1_147' title='bbox 657 2587 728 2635; x_wconf 85' lang='lat' dir='ltr'>movi.</span> 
     </span>
     <span class='ocr_line' id='line_1_27' title="bbox 117 2665 781 2730; baseline 0.002 -16"><span class='ocrx_word' id='word_1_148' title='bbox 117 2665 184 2716; x_wconf 87' lang='lat' dir='ltr'>Hine</span> <span class='ocrx_word' id='word_1_149' title='bbox 194 2665 258 2714; x_wconf 88' lang='lat' dir='ltr'>mihi</span> <span class='ocrx_word' id='word_1_150' title='bbox 270 2666 351 2730; x_wconf 81' lang='lat' dir='ltr'>prime</span> <span class='ocrx_word' id='word_1_151' title='bbox 361 2665 419 2714; x_wconf 82' lang='lat' dir='ltr'>muli</span> <span class='ocrx_word' id='word_1_152' title='bbox 428 2665 505 2726; x_wconf 77' lang='lat' dir='ltr'>lobes,</span> <span class='ocrx_word' id='word_1_153' title='bbox 517 2665 575 2714; x_wconf 87' lang='lat' dir='ltr'>hino</span> <span class='ocrx_word' id='word_1_154' title='bbox 586 2680 682 2729; x_wconf 86' lang='lat' dir='ltr'>semper</span> <span class='ocrx_word' id='word_1_155' title='bbox 693 2665 781 2715; x_wconf 85' lang='lat' dir='ltr'>Ulixes</span> 
     </span>
     <span class='ocr_line' id='line_1_28' title="bbox 116 2743 742 2807; baseline 0 -13"><span class='ocrx_word' id='word_1_156' title='bbox 116 2743 271 2796; x_wconf 85' lang='lat' dir='ltr'>Criminibus</span> <span class='ocrx_word' id='word_1_157' title='bbox 283 2752 376 2794; x_wconf 85' lang='lat' dir='ltr'>terrere</span> <span class='ocrx_word' id='word_1_158' title='bbox 387 2745 466 2800; x_wconf 82' lang='lat' dir='ltr'>novis.</span> <span class='ocrx_word' id='word_1_159' title='bbox 476 2744 532 2793; x_wconf 88' lang='lat' dir='ltr'>hine</span> <span class='ocrx_word' id='word_1_160' title='bbox 544 2760 661 2807; x_wconf 74' lang='lat' dir='ltr'>spargere</span> <span class='ocrx_word' id='word_1_161' title='bbox 671 2760 742 2794; x_wconf 86' lang='lat' dir='ltr'>voees</span> 
     </span>
    </p>

    <p class='ocr_par' dir='ltr' id='par_1_23' title="bbox 458 2838 478 2872">
     <span class='ocr_line' id='line_1_29' title="bbox 458 2838 478 2872; baseline 0 0"><span class='ocrx_word' id='word_1_162' title='bbox 458 2838 478 2872; x_wconf 78' lang='grc' dir='ltr'>ιι</span> 
     </span>
    </p>
   </div>
   <div class='ocr_carea' id='block_1_8' title="bbox 0 0 1049 3542">
    <p class='ocr_par' dir='ltr' id='par_1_24' title="bbox 0 0 1049 3542">
     <span class='ocr_line' id='line_1_30' title="bbox 0 0 1049 3542; baseline 0 0"><span class='ocrx_word' id='word_1_163' title='bbox 0 0 1049 3542; x_wconf 95' lang='lat' dir='ltr'> </span> 
     </span>
    </p>
   </div>
  </div>
 </body>
</html>
