2070 3542
280 371 283 374 ’
362 373 560 416 venemur.

415 529 501 568 mu.

300 628 352 678 tna
363 627 618 693 διέπρησσον-πεδίοιο.

130 733 187 811 ’ᾗ
238 735 335 786 ONNE
354 737 431 796 vides,
450 753 506 786 eum
524 737 652 802 praecipiti
670 737 804 810 certamine

118 812 128 889 s*
143 814 158 835 ²
300 831 414 880 campum

129 880 134 891 ⁴
254 895 402 959 Corripuere
415 901 539 959 ruuntque
551 893 623 944 effusi
634 911 732 944 carcere
747 911 804 946 cur·

207 989 260 1031 rus,

107 1053 174 1103 Cum
186 1068 243 1116 spes
256 1060 366 1102 arrectae
376 1057 497 1112 iuvenum,
508 1054 706 1118 exsultantiaque
720 1055 805 1106 haurit

109 1133 196 1183 Corda
206 1149 284 1197 pavor
293 1121 414 1198 pulsans?
447 1134 487 1182 Illi
498 1135 591 1183 instant
601 1134 701 1183 verbere
712 1143 777 1185 torte

16 1255 17 1260 ,
108 1212 142 1262 Et
153 1214 228 1276 proni
239 1213 299 1261 dant
309 1213 378 1277 lora3
396 1213 497 1262 volatui
508 1213 617 1261 fervidus
627 1214 696 1277 axis3

109 1291 214 1355 Imque
225 1291 339 1348 humiles,
351 1293 449 1356 ismque
460 1292 519 1340 elati
531 1292 633 1341 sublime
644 1293 759 1342 videntur

108 1372 179 1421 Aera
189 1388 349 1436 pervacuum
361 1373 429 1434 ferri,
441 1380 515 1437 atque
526 1373 659 1436 adsurgere
671 1374 698 1420 in
712 1388 802 1438 auras3

108 1451 161 1500 Nee
172 1467 251 1513 mora,
261 1467 306 1500 nee
316 1453 414 1516 requies
420 1471 428 1516 3
446 1458 472 1502 at
481 1452 562 1500 fulvae
573 1453 671 1500 nimbus
682 1467 771 1514 rareque

108 1529 230 1596 Tollitur3
268 1539 395 1581 umescunt
406 1534 498 1596 spumis
510 1532 620 1596 flatuque
632 1540 790 1596 sequentum.-

109 1609 204 1660 'l'autus
215 1626 285 1673 amor
295 1611 407 1676 laudum,
418 1618 501 1660 tantae
512 1619 549 1661 est
560 1613 662 1662 victoria
672 1627 754 1661 ouras.

616 1709 638 1741 v.
652 1697 766 1742 103-112.

111 2196 179 2254 ‘fus
192 2194 201 2207 ⁴*
246 2212 395 2278 Prosequar,
420 2221 445 2264 et
467 2215 531 2264 raris
554 2214 666 2262 habitata
690 2214 798 2278 mapalia

198 2293 293 2342 tectis?

107 2367 182 2434 Saepe
193 2371 259 2420 diem
270 2379 413 2436 noctemque
423 2379 448 2422 et
459 2379 538 2422 totum
548 2387 581 2420 ex
590 2372 675 2420 ordine
688 2387 795 2420 mensem

105 2448 218 2500 Parcitur
228 2453 298 2516 itque
309 2468 383 2516 pecus
394 2453 467 2518 longa
477 2455 504 2501 in
515 2453 612 2501 deserta
623 2453 675 2501 sine
686 2453 744 2501 ullis

105 2529 238 2596 Hospitiia:
254 2539 351 2580 tantum
362 2533 443 2597 campi
452 2533 522 2580 iacet.
556 2531 645 2582 Omnia
657 2545 739 2579 seeum

16 2597 17 2620 ¹
106 2610 281 2660 Armentsrius
292 2611 357 2660 Aser
367 2613 428 2676 agit,
438 2617 578 2675 tectumque
589 2610 727 2672 Laremque

105 2688 232 2756 Armaque
242 2689 454 2756 Amyclaeumque
465 2706 549 2740 canem
560 2689 722 2752 Cressamque
732 2685 794 2754 pha-

197 2777 292 2820 retram
299 2788 308 2836 3
