2054 3546
208 382 221 427 8
348 373 579 418 Auuuotoou
605 375 747 418 LATIM.

240 473 281 519 Tr.
299 465 395 530 Metuo,
405 474 430 517 te
441 473 515 532 utque
525 468 585 516 istos
595 469 696 532 expiare
706 475 735 519 ut
744 471 846 534 possiet.

240 551 284 597 rt.
303 547 368 608 Quid
380 547 449 596 ium?

239 632 281 677 Tr.
332 627 411 692 Fuge,
422 627 531 684 obsecro,
542 633 616 690 atque
627 626 729 676 abscede
739 628 771 677 ab
782 627 892 678 sedibus

203 706 274 771 Fuge
281 706 338 768 hue,
345 705 440 770 fugeud
451 721 490 754 me
501 707 615 770 propius!
632 715 687 756 tone
694 713 785 755 terram
793 724 879 756 mauu:

204 787 246 840 Et.
257 787 326 848 heus,
338 785 394 834 iube
405 786 459 835 illos
470 785 540 848 illim,
551 785 648 848 umsbo,
658 786 796 838 ubsoedere.

239 870 283 915 rt.
300 864 442 914 Abscedite.

237 950 280 995 Tr.
470 944 548 994 Aedis
559 960 590 994 no
601 946 726 1011 attigistis!
749 945 854 1011 Tungito

203 1025 257 1074 Vos
268 1039 365 1090 quoque
376 1026 482 1074 murum!

238 1109 280 1155 rt.
386 1105 494 1155 Obsecro
504 1105 595 1168 herole,
605 1106 666 1172 quin
675 1108 741 1156 intro
752 1107 815 1156 imus
825 1107 893 1156 huo?

238 1191 280 1237 Tr.
298 1186 363 1247 Quin
375 1195 468 1251 septem
479 1201 574 1236 mensos
585 1193 651 1250 sunt,
661 1204 735 1252 quom
745 1189 771 1238 iu
782 1189 854 1236 huson

330 1266 397 1315 nodis
408 1267 494 1331 pedem

203 1347 283 1396 Nemo
293 1348 358 1395 intro
369 1347 459 1404 tetulit,
471 1347 545 1396 semel
556 1354 584 1396 ut
594 1347 776 1413 emigravimus.

238 1431 282 1475 rt.
299 1426 431 1490 Eloquere,
443 1426 503 1488 quid
514 1427 569 1474 itu?

238 1510 278 1555 Tr.
463 1503 696 1567 Circumspicedum,
706 1521 765 1553 num
778 1505 834 1570 quis
844 1511 892 1566 est,

203 1585 345 1633 Sermonem
355 1589 466 1631 nostrum
475 1584 518 1646 qui
530 1591 643 1647 aucupet.

237 1667 282 1713 ΤΙι.
650 1662 743 1712 Tutum
753 1664 860 1729 probust

237 1748 277 1792 Tr.
294 1741 460 1806 Circumspice
471 1742 555 1792 etium.

236 1826 281 1871 rt.
488 1821 605 1872 Nemostz
623 1822 723 1886 loquere
734 1837 799 1871 nune
810 1823 867 1872 ium.

237 1905 279 1951 Tr.
296 1900 416 1966 Cuputule
427 1901 550 1950 factumst.

236 1985 280 2030 ΤΙι.
518 1981 586 2040 Quid
596 1981 622 2030 id
632 1981 689 2031 esti
705 1997 755 2030 non
765 1981 888 2048 intellego.

237 2064 278 2110 Tr.
297 2061 389 2122 Soelus,
400 2063 509 2126 iuquam,
519 2063 635 2112 factumst
644 2065 693 2112 ium
709 2064 752 2112 diu
766 2067 892 2129 antiquom

328 2148 353 2188 et
364 2148 443 2202 vetus,

201 2220 336 2285 Cuputnlez
354 2219 380 2268 id
391 2225 452 2270 adeo
463 2237 507 2270 nos
517 2237 582 2270 nuno
592 2222 684 2272 fuctum
695 2223 839 2273 invenimus.

236 2303 277 2348 ΤΙι.
297 2298 364 2358 Quid
371 2301 434 2349 istuo
440 2301 519 2350 scelus
529 2309 567 2351 est
577 2311 621 2352 out
631 2305 686 2368 quis
697 2304 722 2352 id
732 2304 807 2354 feeit?
824 2305 891 2355 cedo.

235 2383 275 2428 Tr.
295 2378 392 2443 Hospes
401 2381 498 2429 necavit
508 2381 629 2446 hospitem
639 2391 738 2448 captum
749 2399 840 2449 munu3

199 2457 259 2514 Iste,
270 2465 298 2506 ut
308 2474 355 2523 ego
365 2461 459 2523 opinor,
470 2462 513 2524 qui
524 2462 569 2510 hus
581 2463 626 2512 tibi
636 2464 703 2513 aedis
713 2464 829 2514 vendidit.

235 2541 275 2586 rt.
294 2537 419 2589 Neouvit?

235 2621 275 2666 Tr.
419 2619 566 2685 Aurumque
577 2623 601 2671 ei
611 2623 702 2673 ademit
712 2624 812 2688 hospiti,

198 2694 311 2760 Eumque
320 2698 361 2748 hio
372 2698 465 2749 defodit
476 2700 598 2766 hospitem
610 2704 699 2752 ibidem
711 2703 737 2751 in
748 2704 856 2752 oedibus.

233 2779 277 2826 Ἠι.
292 2777 448 2845 Quapropter
458 2781 484 2830 id
495 2798 537 2831 vos
546 2782 639 2832 fuctum
650 2783 825 2849 suspicamini?
