2098 3546
401 378 601 424 MARTIALIS.

155 859 268 977 pk}
289 873 528 925 rumrmmruu
539 876 609 925 dulce
619 876 732 925 Formae
742 875 810 932 mus

162 962 171 991 ⁴
185 938 204 985 *ἶ
187 959 266 1039 pti}
288 955 351 1013 Vos,
361 972 417 1005 cum
428 972 506 1005 severi
498 956 561 1021 ‘giu
545 957 581 1005 trit
591 956 706 1020 oppidum
718 955 809 1005 Martis

158 980 218 1049 tu
220 1032 222 1035 .

156 1001 263 1085 ⁶3.)
245 1034 264 1075 «ί
288 1036 337 1084 Et
330 1037 453 1098 inquietes
464 1037 543 1084 fessus
554 1038 624 1084 exuit
634 1051 714 1095 cures,

215 1119 367 1184 Apollinaris
378 1118 491 1166 omnibus
503 1117 563 1166 locis
575 1118 689 1181 praefert

216 1199 274 1247 Non
282 1199 323 1246 ille
334 1204 431 1246 sanctae
443 1197 512 1246 dulce
524 1197 603 1245 Tibur
612 1197 706 1256 uxoris,

216 1278 269 1327 Nec
280 1277 431 1325 Tusculanos
442 1275 577 1340 Algidosve
588 1291 705 1334 secessus,

216 1357 349 1406 Praeneste
360 1371 404 1404 nec
414 1357 449 1405 sic
459 1356 613 1418 Antiumque
624 1357 736 1405 miretur.

216 1435 273 1485 Non
283 1435 374 1485 blundo
384 1433 454 1483 Circe
466 1435 618 1483 Dardanisve
629 1434 715 1483 Caieta

217 1515 405 1571 Desiderantum
416 1529 462 1562 nec
472 1514 568 1562 Marica
578 1530 623 1562 nec
634 1513 709 1574 Liris,

218 1595 272 1643 Nec
282 1596 308 1642 in
317 1593 425 1641 Lucrina
435 1593 486 1642 loto
499 1592 617 1642 Salmacis
627 1609 698 1642 vene.

219 1675 267 1723 Hic
278 1689 373 1723 summe
383 1673 432 1721 leni
444 1675 574 1738 stringitur
585 1673 673 1722 Thetis
684 1681 772 1738 vent03

216 1755 269 1803 Nec
279 1754 381 1818 languet
391 1767 491 1815 aequor,
502 1755 557 1800 viva
568 1753 611 1801 sed
619 1753 691 1817 ,quies
703 1755 772 1816 ponti

216 1834 311 1882 Pictam
322 1831 438 1896 pheselon
448 1832 578 1880 adiuvante
589 1831 638 1880 fert
649 1848 718 1893 eure,

219 1911 288 1963 Siout
298 1911 393 1976 puellae
402 1927 451 1959 non
463 1913 568 1960 omentis
580 1920 698 1960 aestatem

217 1993 288 2040 Moto
298 1992 395 2040 salubre
404 2006 515 2056 purpura
526 1991 592 2038 venit
603 1991 692 2055 frigus.

218 2068 271 2117 Nec
281 2075 334 2116 seta
345 2067 419 2130 longo
429 2068 527 2130 quaerit
538 2068 563 2114 in
576 2067 639 2114 meri
649 2066 774 2129 praedem,

218 2147 267 2196 Sed
277 2163 290 2195 e
300 2146 394 2195 cubiclo
404 2145 541 2209 lectuloque
552 2147 669 2193 iactatam

220 2227 348 2292 Spectatus
359 2226 407 2274 alte
417 2226 507 2274 lineam
519 2225 595 2274 trehit
607 2225 684 2288 piscis.

219 2308 246 2356 Si
257 2307 354 2370 quando
365 2305 460 2354 Nereus
471 2305 546 2352 sentit
557 2303 631 2351 Aeoli
640 2317 752 2366 regnum,

220 2386 294 2435 Ridet
305 2384 424 2450 procellas
435 2389 490 2432 teta
500 2384 530 2431 de
542 2398 586 2431 suo
597 2396 688 2430 mense.

218 2467 317 2516 Piscine
326 2464 455 2514 rhombum
466 2464 545 2526 pascit
555 2473 581 2510 et
590 2461 661 2526 lupos
672 2475 767 2514 vernas,

219 2547 298 2595 Natat
307 2545 338 2594 ed
349 2546 494 2609 magistrum
505 2540 608 2589 delicata
618 2555 751 2603 murseno3

220 2621 410 2671 Nomenculator
420 2618 537 2684 mugilem
548 2618 608 2665 citet
618 2624 704 2664 notum

220 2703 254 2751 Et
264 2702 348 2750 edesse
358 2701 418 2748 iussi
428 2697 551 2762 prodeunt
562 2711 631 2744 senes
643 2695 719 2744 mulli.

220 2782 283 2830 Frui
293 2781 335 2830 sed
346 2782 400 2829 istis
411 2777 517 2844 quondo,
529 2777 616 2833 Rome,
628 2777 751 2840 permittis
762 2775 773 2824 l
