2110 3540
345 380 579 425 proruentes.
774 387 818 443 185

126 477 203 528 Crede
215 477 285 537 mihi,
296 492 345 524 non
356 476 407 524 ulle
417 483 476 525 tuce
486 483 524 525 est
533 475 654 524 medicina
665 473 759 538 figurae
770 491 776 522 r

157 557 246 605 Nudus
254 557 334 606 Amor
343 556 437 606 formae
446 573 496 606 non
507 562 575 604 amet
585 554 710 604 artificem.

127 637 218 706 Aspice
229 651 290 699 quos
301 637 433 684 summittit
443 625 532 684 humus
543 636 651 684 formosa
661 631 768 698 colores3

156 709 193 764 Ui
204 716 303 764 venient
313 714 420 763 hederae
431 722 517 779 sponte
528 730 573 764 sua
583 713 679 775 melius,

125 795 216 863 Surget
226 802 252 843 ei
262 797 288 843 in
298 795 355 844 solis
365 795 495 844 formosius
505 794 607 844 arbutus
617 794 703 855 antris,

155 877 189 924 Ei
200 877 262 924 sciet
272 875 390 924 indociles
401 889 500 924 currere
510 875 612 940 lympha
622 875 682 923 nias.

124 953 209 1003 Litora
218 955 309 1003 nativis
318 953 438 1009 collucent
448 955 515 1017 picto
524 953 624 1017 lapillis,

155 1035 189 1083 lli
198 1033 308 1083 volueres
318 1033 387 1082 nulle.
397 1033 493 1081 dulcius
505 1040 558 1081 erte
569 1040 667 1081 canunt.
724 1068 731 1088 x

124 1114 181 1161 Non
192 1115 227 1162 sic
239 1113 369 1177 Leucippis
379 1112 505 1162 succendit
516 1110 621 1161 Castore
632 1111 739 1172 Phoebe,

155 1194 280 1242 Pollucem
291 1193 359 1242 cultu
371 1207 419 1240 non
434 1192 530 1240 lliloire
543 1206 621 1253 soror,

123 1275 189 1335 Non,
201 1274 261 1322 Ideo
272 1281 298 1322 et
307 1272 396 1337 cupido
407 1272 530 1336 quondam
540 1271 663 1320 discordie
673 1270 784 1333 Phoebo,
798 1265 800 1270 ¹

155 1355 235 1403 Eueni
245 1353 334 1418 patriis
345 1353 397 1401 filie
407 1351 529 1408 litoribus,

122 1434 175 1484 Nec
187 1433 325 1498 Phrygium
336 1432 399 1481 laiso
410 1433 488 1480 traxit
497 1431 603 1480 candore
614 1432 729 1480 merirum

153 1515 251 1562 Avecte
260 1514 370 1562 exremis
382 1511 549 1576 Hipprnlamin
560 1512 638 1575 rotis3

122 1595 171 1644 Sed
181 1594 258 1642 lecies
266 1593 352 1641 ederet
363 1592 437 1640 nullis
447 1591 555 1640 obnoxie
565 1593 677 1662 gemmis,

153 1674 241 1736 Qualis
252 1672 364 1736 Apelleis
374 1679 412 1720 est
423 1671 490 1721 color
501 1674 527 1720 in
538 1672 637 1720 tabulis.

120 1757 177 1804 Non
189 1755 237 1814 illis
248 1753 356 1804 studium
367 1752 441 1817 vulgo
452 1754 596 1816 conquirere
607 1759 733 1818 ementes3

151 1835 206 1883 Illis
215 1833 297 1898 ample
308 1834 367 1881 satis
379 1832 459 1880 forme
468 1831 594 1896 pudicitie

119 1917 177 1964 Non
187 1931 234 1980 ego
244 1929 309 1962 nunc
320 1927 415 1973 vereor,
425 1923 456 1961 n'e
469 1914 515 1960 sim
526 1912 573 1961 nbi
585 1913 656 1961 vilior
666 1915 733 1965 istis:

150 1994 203 2043 Uni
214 1995 235 2042 si
246 2009 295 2057 que
305 1993 394 2057 placet,
406 1992 473 2040 culta
483 1991 565 2056 puello
576 2000 615 2043 sat
625 2000 671 2054 est,

118 2075 183 2124 Cum
195 2073 242 2122 ribi
251 2073 396 2137 praesertim
407 2071 523 2120 Phoebus
534 2087 579 2120 sue
589 2073 698 2121 carmina
708 2073 782 2122 donet

150 2153 304 2216 Aoniamque
315 2152 395 2201 libens
406 2150 532 2216 Calliopea
542 2146 641 2215 lyrem‚'

116 2231 200 2280 Unice
210 2245 256 2279 nec
267 2230 330 2278 desii
341 2229 452 2278 iocundis
462 2231 545 2294 gretia
556 2231 646 2293 verbis,

150 2311 240 2360 Omnia
250 2325 362 2374 quaeque
372 2309 460 2358 Venus
470 2325 581 2374 queeque
593 2311 705 2360 Minerva
714 2311 810 2376 probat,

116 2393 165 2441 His
177 2398 204 2439 tu
216 2405 313 2454 semper
323 2390 372 2438 eris
382 2396 481 2438 nostrae
491 2391 633 2454 gratissime
643 2393 717 2450 vitae,

148 2469 243 2519 Taedio
253 2470 312 2518 dum
323 2470 427 2518 miserae
436 2469 485 2519 sint
495 2469 542 2518 tibi
552 2469 672 2520 luxuriae.

677 2553 740 2613 Eley.
754 2551 779 2597 li.

322 2831 326 2840 ἱ
392 2676 555 2778 Q&
