2110 3540
222 375 266 408 222
365 355 595 399 ANTHOLOGIA
621 356 764 401 terim.

220 451 302 512 Unde,
319 451 361 499 sed
377 450 461 499 audite
481 457 527 505 est,
547 449 637 512 ‘Quid,
655 450 772 516 Agenore
789 457 856 508 nete.

315 539 467 596 peremptum

221 611 363 676 Serpentem
373 610 487 674 spectes?
505 617 530 658 et
540 617 567 658 tu
579 609 719 673 spectabere
731 611 847 674 serpens'

221 691 266 740 Ille
276 690 319 738 diu
329 690 442 755 pavidus,
451 690 544 754 pariter
552 705 608 738 eum
618 697 700 738 mente
709 689 814 738 oolorem

220 770 371 823 Perdiderat.
380 769 509 834 gelidoque
519 784 602 818 eomee
611 776 704 818 terrore
714 770 835 834 rigebant.

220 851 284 900 Iteee
295 851 341 898 viri
353 849 455 911 fautrix,
466 865 566 913 superne
576 849 677 912 delapsa
686 865 731 913 per
742 865 825 912 sures,

221 929 304 978 Pelles
315 929 393 989 edest,
402 937 531 991 moteeque
542 929 610 977 iubet
620 943 756 993 supponere
766 935 847 977 terrae

221 1009 342 1074 Vipereos
354 1009 448 1070 dentes,
458 1008 542 1074 populi
554 1009 706 1058 incrementa
716 1010 803 1058 futuri.

221 1087 296 1138 Paret
307 1097 332 1138 et
342 1097 370 1137 ut
380 1103 464 1152 presso
476 1087 569 1136 sulcum
581 1089 697 1152 petefeeit
707 1095 800 1149 aratro,

223 1166 323 1233 Spergit
332 1169 400 1216 humi
409 1170 496 1229 iussos,
506 1167 621 1216 mortalis
632 1169 734 1230 semine,
745 1168 837 1216 dentes

221 1247 291 1310 inde,
300 1248 347 1297 fide
358 1249 450 1297 maius!
468 1248 554 1312 glebee
565 1262 666 1311 eoepere
677 1249 776 1306 moveri,

220 1327 353 1392 Primoque
363 1328 393 1376 de
404 1328 478 1377 sulcis
488 1329 553 1376 ecies
564 1329 679 1392 epperuit
689 1328 783 1385 hestse,

221 1407 341 1472 Tegmina
351 1423 410 1456 mox
419 1409 526 1471 espitum
536 1408 601 1470 picto
612 1408 726 1456 nutantis
736 1422 805 1464 oono,

222 1486 283 1534 Mox
294 1487 389 1534 humeri
400 1494 532 1550 pectusque
543 1491 693 1548 onerataque
703 1486 818 1535 brsoohis
827 1486 882 1536 telis

221 1566 347 1621 Existunt,
358 1567 493 1628 crescitque
504 1581 574 1630 seges
584 1565 688 1630 elipeete
699 1567 815 1615 virorum.

222 1644 262 1694 Sic
272 1645 315 1693 ubi
326 1645 445 1694 tolluntur
455 1645 524 1693 festis
534 1645 621 1693 euleee
630 1646 742 1708 theatris,

223 1723 329 1788 Surgere
340 1725 412 1788 signe.
420 1724 507 1785 soient,
514 1725 668 1789 primumque
679 1726 806 1776 ostendere
817 1726 910 1784 vultus,

221 1804 311 1854 Cetera
320 1804 454 1868 peulstim:
471 1804 615 1869 placidoque
626 1806 714 1854 educte
724 1813 809 1855 tenore

221 1883 285 1933 Tota
295 1891 388 1948 patent,
400 1885 496 1948 imoque
507 1884 581 1948 pedes
592 1886 617 1934 in
628 1886 739 1950 margine
750 1891 853 1949 ponunt.
900 1875 902 1882 ¹

742 1981 766 2014 v.
778 1969 875 2016 85414.

460 2087 462 2091 v
521 2065 612 2100 cuvur.

503 2153 588 2206 Liber
602 2156 637 2208 xi.

428 2265 481 2316 Tne
500 2267 570 2320 Cave
584 2269 620 2336 os
627 2270 713 2342 Sleep.

229 2366 242 2445 {-
265 2362 285 2397 ἑ
309 2372 323 2475 Ξ
347 2382 388 2433 ST
403 2401 479 2451 prope
495 2387 639 2439 Cimmerios
654 2391 728 2457 longo
744 2393 859 2457 spelunea

266 2476 340 2535 ἔχρη(
423 2481 529 2530 reoessu,

226 2586 229 2591 ,
250 2530 313 2588 ¹7⁴
361 2541 434 2635 Mons
444 2561 528 2609 covus,
539 2550 622 2614 ignavi
632 2551 718 2601 domus
727 2560 753 2602 et
763 2554 899 2617 penetralia

350 2637 417 2672 mm:

220 2696 277 2758 Quo
286 2709 420 2765 numquam
430 2703 506 2752 tediis
515 2707 596 2755 oriens
606 2709 729 2758 mediusve
739 2711 857 2762 cadensve

220 2775 334 2828 Phoebus
344 2781 412 2831 edire
423 2790 512 2847 potest.
545 2785 655 2836 Nebulse
666 2789 769 2856 ealigine
779 2791 872 2842 mixtae
