2070 3542
232 373 263 431 98
375 370 608 413 ANTHOLOGIA
628 371 771 414 aarum.

232 463 263 511 In
273 462 373 528 volgum
383 464 521 530 ambiguas,
531 472 556 514 et
566 480 685 528 quaerere
695 466 806 515 conscius
816 482 893 516 uma.

233 541 286 591 Nee
297 544 420 606 requievit
430 545 507 606 enim,
517 543 594 593 donec
605 545 740 595 Calchante
750 550 898 596 ministro—

234 621 283 672 Sed
294 623 354 687 quid
364 639 412 688 ego
422 623 482 674 haec
493 631 576 673 autem
588 626 738 690 nequiquam
749 627 849 688 ingrata
859 641 895 675 re-

329 703 421 751 volvo?

233 782 329 842 Quidve
336 798 427 840 moror,
436 784 457 832 si
467 785 547 832 omnis
554 800 604 832 uno
612 785 698 833 ordine
706 785 802 834 habetis
807 785 927 846 Achivos,

232 863 310 926 idque
321 863 407 912 audire
417 871 457 912 sat
467 864 525 912 esti
559 864 707 914 Iamdudum
718 867 807 914 sumite
820 882 926 932 poenas5

233 943 288 992 Hoe
300 942 400 992 Ithacus
409 943 476 1005 velit,
487 951 513 992 et
521 937 613 1009 magno
624 952 764 994 mercentur
774 945 889 995 Atridae.

262 1021 328 1071 Tum
340 1039 397 1072 vero
407 1023 522 1073 ardemus
532 1025 617 1072 scitari
624 1032 650 1073 et
660 1040 778 1088 quaerere
789 1040 896 1088 caussas,

232 1102 319 1166 Ignari
330 1103 449 1152 scelerum
461 1110 585 1152 tantorum
598 1106 708 1168 artisque
719 1103 844 1169 Pelasgae.

232 1183 394 1246 Prosequitur
405 1184 527 1248 pavitans,
537 1192 562 1233 et
572 1184 629 1233 ficto
639 1192 738 1248 pectore
749 1186 830 1236 fatur:

259 1271 338 1336 Saepe
349 1271 433 1337 iugem
444 1271 527 1320 Danai
538 1270 614 1319 Troia
624 1272 724 1335 cupiere
734 1271 820 1319 relieta
879 1314 882 1318 .

232 1368 318 1416 Moliri
327 1375 352 1416 et
365 1367 439 1431 longo
449 1366 509 1414 fessi
519 1363 643 1412 discedere
655 1361 733 1426 bello3

232 1448 407 1510 Fecissentque
418 1446 526 1493 utinam!
544 1459 615 1507 saepe
628 1443 683 1490 illos
695 1457 783 1506 aspera
794 1441 863 1504 ponti

233 1528 377 1576 Interclusit
387 1527 490 1589 hiemps,
500 1532 526 1573 et
537 1525 626 1572 terruit
637 1521 732 1570 Auster
743 1523 831 1570 euntis.

233 1606 377 1670 Praecipue,
386 1620 443 1654 cum
455 1606 504 1652 iam
515 1603 556 1652 hic
567 1603 679 1652 trabibus
689 1609 818 1650 contextus
831 1599 926 1648 acernis

236 1685 319 1734 Staret
329 1699 416 1749 equus,
427 1689 480 1732 toto
491 1689 626 1732 sonuerunt
638 1681 737 1730 aethere
748 1681 830 1730 nimbi.

235 1765 351 1828 Suspensi
362 1763 519 1828 Eurypylum
530 1763 659 1811 scitantem
670 1761 769 1809 oracula
779 1759 873 1808 Phoebi

235 1844 367 1905 Mittimus,
377 1845 448 1906 isque
459 1842 541 1906 adytis
551 1841 612 1890 haec
625 1842 706 1889 tristia
717 1841 782 1889 dicta
792 1846 914 1903 reportat:

235 1923 385 1989 “Sanguine
396 1922 511 1987 placastis
521 1928 607 1970 ventos
617 1931 642 1970 et
654 1922 748 1984 virgine
759 1935 838 1976 caesa,

235 2003 416 2068 cumprimum
426 2003 523 2060 Iliacas,
535 2003 627 2063 Danai,
638 2002 740 2049 venistis
751 2000 782 2049 ad
793 2015 864 2056 erasa

236 2083 361 2148 Sanguine
372 2082 506 2147 quaerendi
517 2083 617 2140 reditus,
629 2084 760 2144 animaque
770 2080 891 2129 litandum

236 2162 381 2227 Argolica.’'
412 2163 491 2226 Volgi
501 2177 565 2226 quae
577 2177 625 2210 vox
636 2168 664 2209 ut
674 2162 741 2209 venit
752 2160 784 2208 ad
793 2161 869 2215 auris,

236 2242 382 2306 Obstipuere
392 2243 476 2302 animi,
486 2241 629 2306 gelidusque
639 2255 685 2305 per
695 2241 745 2287 ima
755 2239 865 2288 cucurrit

236 2322 299 2372 Ossa
309 2329 409 2382 tremor,
418 2324 458 2371 cui
468 2321 522 2370 fata
531 2329 627 2386 parent,
636 2336 709 2384 quem
721 2327 806 2383 poseat
817 2317 916 2382 Apollo.

236 2401 286 2451 Hie
296 2402 397 2450 Ithacus
407 2409 489 2451 vatem
499 2417 590 2465 magno
600 2399 736 2449 Calchanta
747 2405 856 2447 tumultu

236 2481 363 2531 Protrahit
373 2482 399 2529 in
409 2481 516 2545 medios3
534 2495 598 2545 qaae
610 2481 660 2528 sint
670 2494 700 2526 ea
710 2479 814 2526 numina
824 2477 913 2538 divom,

236 2561 354 2627 Flagitat.
387 2561 421 2609 Et
431 2560 492 2608 mihi
503 2561 551 2608 iam
563 2559 634 2607 multi
645 2557 743 2606 crudele
753 2555 875 2605 canebant

237 2643 349 2692 Artificis
360 2642 446 2702 soclus,
457 2647 483 2689 et
494 2642 564 2690 taeiti
574 2646 678 2688 ventura
689 2637 812 2686 videbant

237 2721 279 2771 Bis
290 2724 378 2787 quinos
389 2722 444 2770 silet
453 2721 494 2769 ille
505 2721 565 2782 dies,
578 2726 708 2780 tectusque
719 2723 817 2765 recusat

237 2801 345 2850 Prodere
355 2817 413 2851 voce
424 2816 469 2850 sua
480 2814 627 2865 quemquam
638 2805 682 2846 aut
692 2811 815 2862 opponere
826 2795 907 2844 morti.
