2070 3542
250 357 279 410 78
390 349 619 393 sunnonoers
644 349 785 392 narius.

248 443 334 506 Atque
345 441 407 490 alius
418 442 494 490 latum
505 442 582 490 funda
593 443 642 490 iam
654 443 765 492 verberat
774 457 880 503 amnem,

248 522 310 571 Alta
320 529 414 585 petens,
426 523 560 586 pelagoque
572 522 634 569 alius
644 521 721 570 trahit
732 521 833 568 humida
842 520 901 569 lina.

249 601 314 649 Tum
326 601 386 649 ferri
397 602 465 665 rigor
475 609 549 664 atque
560 609 661 664 argutae
669 599 761 648 lamina
772 615 894 660 serrae,-

249 680 314 730 Nam
323 681 396 744 primi
406 683 488 729 cuneis
499 681 640 729 scindebant
650 679 725 727 fissile
735 679 862 743 lignum-

248 760 313 808 Tum
323 761 404 808 variae
412 775 498 808 venere
508 768 583 808 artes.
613 759 695 807 Labor
705 759 786 805 omnia
796 758 855 806 vicit

248 839 369 905 Inprobns
380 846 406 887 et
416 840 484 890 duris
494 854 602 904 urguens
613 840 638 886 iu
649 839 721 886 rebus
732 843 837 901 egestas.

749 931 771 964 v.
785 921 898 967 lle-146.

555 1037 615 1071 bxv.

246 1557 334 1622 Spicea
345 1559 391 1605 iam
404 1557 495 1619 campis
505 1571 560 1603 cum
571 1557 656 1603 messis
667 1555 798 1616 inhorruit,
809 1562 834 1603 et
844 1570 900 1604 cum

245 1638 381 1686 Frumento
391 1637 415 1684 in
426 1635 498 1683 viridi
510 1635 599 1698 stipula
609 1635 724 1683 lactentia
735 1635 858 1698 turgent?

248 1715 325 1780 Saepe
336 1731 389 1779 ego,
398 1731 452 1762 oum
464 1715 533 1762 flavis
544 1729 674 1762 messorem
685 1714 810 1762 induceret
821 1715 885 1762 arvis

245 1795 364 1860 Agricola
374 1803 399 1842 et
410 1793 493 1858 fragili
504 1796 553 1841 iam
565 1795 695 1858 stringeret
707 1794 799 1842 hordea
809 1794 897 1851 culmo,

246 1875 336 1924 Omnia
345 1877 472 1922 ventorum
483 1888 627 1923 concurrere
637 1873 729 1936 proelia
740 1874 799 1930 ridi,

246 1954 315 2014 Quae
326 1953 451 2018 gravidam
462 1952 511 1999 late
523 1959 628 2014 segetem
639 1953 670 2000 ab
680 1951 803 2001 radicibus
812 1953 868 2001 imis

246 2032 379 2081 Sublimem
390 2031 517 2096 expulsam
528 2039 641 2078 eruerent
650 2051 657 2094 3
674 2033 710 2080 ita
720 2032 818 2079 turbine
828 2033 900 2096 nigro

245 2111 332 2160 Ferret
350 2112 443 2174 hiemps
457 2110 610 2174 culmumque
626 2111 703 2158 levem
721 2111 872 2176 stipulasque
890 2123 930 2158 so·

339 2191 421 2238 lantis.

247 2269 324 2333 Saepe
332 2270 405 2317 etiam
413 2271 550 2317 inmensum
557 2269 623 2318 caelo
630 2271 696 2318 venit
703 2285 790 2334 agmen
801 2285 931 2333 aquarum,

245 2349 279 2398 Et
288 2349 383 2397 foedam
394 2349 529 2413 glomerant
540 2356 708 2412 tempestatem
719 2349 839 2398 imbribus
850 2350 912 2400 atria

246 2426 365 2476 Colleotae
377 2443 409 2474 ex
418 2429 467 2476 alto
477 2428 569 2491 nubes;
586 2429 637 2476 ruit
646 2428 738 2477 arduus
749 2429 843 2491 aether,

245 2505 279 2554 Et
288 2507 371 2570 pluvia
380 2508 474 2571 ingenti
485 2515 538 2555 sata
546 2507 611 2555 laeta
621 2508 742 2571 boumque
752 2509 849 2558 labores

246 2584 341 2650 Diluit3
358 2586 481 2649 inplentur
492 2588 579 2647 fossae,
589 2595 615 2634 et
625 2603 685 2636 cava
695 2591 795 2636 flumina
806 2595 922 2638 creseunt

246 2663 310 2714 Cum
320 2667 409 2725 sonitu,
421 2665 546 2728 fervetque
558 2668 627 2716 iretis
638 2669 786 2732 spirantibus
797 2684 899 2732 aequor.

246 2741 303 2807 Ipse
312 2743 388 2794 Pater
397 2744 477 2792 media
487 2746 623 2795 nimborum
635 2749 660 2796 in
670 2755 740 2797 nocte
750 2761 851 2795 corusca
