2110 3540
232 389 278 435 174·
375 371 606 416 Aurnonoerr
627 373 770 415 carrus.

226 468 233 492 ‘
247 466 325 514 Nemo
335 465 460 514 dexterius
469 467 569 515 fortune
579 473 617 514 est
627 482 692 516 usus.
726 465 840 536 Hebetes

227 545 347 610 Magnum
358 546 505 607 adiutorem,
517 554 600 610 posset
610 547 654 610 qui
664 547 728 594 ferre
740 547 865 606 secundus,

227 624 300 672 Hunc
311 625 433 674 hominem
445 626 518 674 velles
529 627 550 674 si
562 627 666 675 tradere,
701 626 856 690 Dispereem,
868 628 895 676 ni

228 702 379 757 Snmmosses
389 705 486 753 omnis.'
520 708 527 731 ‘
538 705 595 753 Non
605 705 654 753 istu
664 706 769 754 vivimus
780 705 831 754 illic

226 781 282 842 Quo
293 790 320 831 tu
332 799 394 845 rere,
405 784 490 834 medo:
507 784 593 832 domus
604 785 650 833 hec
660 801 705 833 nec
716 787 801 848 purior
811 785 862 834 ulle
872 793 911 834 est

226 861 278 910 Nec
287 864 412 927 mugishis
421 863 595 928 alienamelis3
613 865 648 913 nil
656 865 690 912 mi
697 865 787 914 cfficit'
798 867 909 930 inquam,

226 941 325 990 ‘Diticr
335 943 375 992 hic
387 953 430 992 eut
440 951 478 992 est
489 947 547 1006 quie
559 945 655 994 doctior
661 964 668 1008 3
686 952 725 993 est
735 945 803 994 locus
813 947 858 994 uni

226 1022 322 1087 Cuique
340 1026 418 1073 suus!
458 1025 596 1089 ‘Magnum
613 1041 709 1082 narres,
726 1026 770 1074 vix
785 1026 921 1075 credibile.³

321 1104 419 1168 ‘Atqui

226 1182 267 1231 Sic
278 1183 368 1233 hubet’
400 1184 532 1243 Accendit,
543 1199 621 1248 quere
632 1187 729 1249 cupiam
739 1187 819 1251 magis
828 1186 865 1236 illi

225 1263 358 1313 Proximus
369 1267 437 1315 esse!
476 1268 483 1293 ‘
494 1265 565 1313 Velis
576 1267 758 1317 tautummodoz
776 1281 839 1332 quse
851 1274 896 1317 tua

321 1342 410 1402 virtus,

225 1415 404 1480 Expugnebis3
422 1423 448 1466 et
459 1417 550 1480 estqui
563 1418 627 1465 vinci
635 1419 725 1480 possit,
736 1434 814 1482 eoque

225 1495 339 1545 Difficilis
357 1496 439 1544 editus
457 1497 550 1560 primus
571 1496 663 1548 hebet’
702 1497 798 1546 ‘Haud
816 1498 881 1547 mihi

217 1629 218 1636 ἵ
322 1573 410 1622 deeset

227 1653 374 1702 Muneribus
385 1663 468 1702 serves
478 1668 649 1718 corrumpcm3
666 1670 724 1717 non,
733 1655 806 1704 hodie
819 1656 840 1704 si

227 1733 349 1782 Exclusus
359 1732 437 1788 fuere,
448 1732 565 1782 desistam
575 1753 582 1798 3
593 1743 711 1799 'tempere
721 1751 839 1799 quaeram
851 1756 859 1801 ς

227 1813 361 1860 Occurrem
371 1813 398 1860 in
409 1813 489 1861 triviis
500 1832 507 1876 3
525 1813 655 1862 deducam.
679 1815 723 1863 Nil
733 1817 786 1864 sine
797 1831 888 1881 magno

227 1891 289 1940 Vita
306 1892 389 1942 lubere
407 1893 474 1942 dedit
492 1895 654 1944 mortslibus'
685 1896 754 1946 Haec
771 1897 830 1946 dum
847 1899 911 1963 agit.

322 1989 378 2022 ecce

227 2053 322 2102 Fuscus
332 2053 443 2102 Aristius
454 2056 568 2110 occurrit,
580 2056 641 2103 mihi
651 2071 723 2104 cerus
736 2063 761 2104 et
773 2056 844 2106 illum

228 2131 277 2192 Qui
288 2133 388 2197 pulchre
399 2142 488 2183 nosset.
522 2133 692 2184 consistimus.
725 2133 814 2185 ‘Unde
824 2137 894 2186 venis
901 2137 922 2186 i·

326 2221 352 2262 et

227 2295 235 2321 ‘
246 2292 302 2353 Quo
313 2293 393 2342 tendis
403 2293 427 2341 i’
443 2301 516 2359 roget
524 2296 691 2360 etrespondet.
724 2296 824 2345 Vellere
832 2299 912 2362 coepi,

227 2375 261 2423 llt
271 2389 387 2438 prensare
397 2390 473 2423 menn
484 2375 620 2426 lentissime
630 2376 753 2438 bracchia,
763 2385 862 2438 nutans,

228 2455 391 2518 Distorquens
403 2454 493 2512 oeulos,
503 2462 532 2504 ut
542 2471 582 2503 me
593 2457 707 2520 eriperet.
742 2455 810 2504 Male
821 2456 902 2505 salsus

228 2534 320 2583 Ridens
330 2534 501 2599 dissimulem
519 2551 600 2584 meum
612 2537 679 2584 iecur
689 2550 760 2584 urere
771 2534 835 2586 bilis

228 2617 235 2642 ‘
245 2614 318 2664 Certe
328 2616 409 2664 nescio
419 2614 479 2677 quid
490 2624 583 2664 secreto
593 2615 655 2664 velle
665 2616 733 2679 loqui
744 2623 768 2664 te

227 2694 322 2744 Aiebss
333 2697 444 2744 meeum!
478 2701 485 2724 ‘
498 2695 601 2744 Memini
612 2697 682 2756 bene,
695 2695 737 2742 sed
746 2694 843 2743 meliori

228 2772 349 2839 Tempore
360 2775 437 2823 dicum
448 2793 454 2823 ι
472 2775 545 2824 hodie
555 2776 678 2824 tricesimu
690 2774 806 2825 sabbatus
823 2775 868 2824 vin
877 2781 908 2824 tu
