2098 3546
397 378 458 421 STA
464 377 553 422 PIUS.
775 379 821 430 285

129 469 191 519 Stat.
199 484 272 533 super
284 468 417 534 inpendens
429 470 591 536 advectosque
601 469 701 519 humide
712 477 805 521 maesto
853 529 857 536 Ι

128 550 234 598 Excutit
244 565 287 598 ore
297 550 373 608 cibos,
383 566 439 600 curn
450 551 516 600 solus
528 552 554 599 in
566 551 653 599 arbore
663 566 723 599 cara

130 629 238 695 Sanguis
249 637 274 680 et
283 639 393 680 errantes
404 638 530 696 percepta
541 630 631 680 cubilia
642 630 746 695 plumae.

162 709 199 758 Ut
210 711 303 759 laceros
314 718 383 760 artus
393 713 488 775 gremio
499 711 637 760 miseranda
647 711 741 776 recepit

130 790 274 854 Intexitque
283 793 367 850 comis,
378 792 477 840 tandem
487 792 571 840 laxate
580 791 662 840 dolore

131 871 192 920 Vox
203 873 296 920 invenit
306 872 362 932 iter,
374 873 528 936 gemitusque
539 873 566 920 in
576 872 652 922 verba
663 872 746 924 solutu

109 977 111 981 v
163 950 272 1000 ‘Omibi
282 951 392 1000 desertae
403 959 518 1000 natorum
528 951 606 1000 dulcis
617 954 708 1017 imago,

132 1031 294 1091 Archemoro,
305 1046 320 1079 o
330 1047 413 1080 rerum
424 1040 450 1080 et
459 1033 554 1095 patriae
565 1032 673 1080 solamen
684 1032 818 1098 ademptae*

134 1109 281 1174 servitiique
292 1110 375 1172 decus,
386 1112 429 1175 qui
439 1119 472 1169 te,
482 1127 537 1160 maa
547 1113 646 1177 gaudie,
660 1120 742 1162 sontm

134 1191 271 1239 Extinxere
283 1191 332 1248 dei,
343 1191 417 1240 modo
428 1206 502 1256 quem
514 1192 625 1256 digressa
636 1193 724 1256 reliqui

133 1269 263 1319 Iaacivum
274 1277 300 1318 et
309 1287 387 1334 prono
398 1279 528 1320 vexantem
537 1273 650 1335 gramina
659 1287 733 1320 cursu
742 1272 754 1320 l

134 1351 192 1400 Heu
202 1353 243 1399 ubi
256 1351 342 1400 siderei
351 1351 434 1399 vultus
444 1351 456 1398 i
473 1351 517 1399 ubi
528 1350 603 1399 verbe
613 1350 696 1416 ligatis

134 1431 273 1496 Inperfecta
283 1432 358 1492 sonis,
370 1432 483 1494 risusque
493 1438 519 1480 et
528 1446 656 1478 murmura
666 1430 712 1480 soli

134 1510 263 1560 Intellecta
273 1510 356 1558 mihi?
373 1511 486 1572 quotiens
497 1511 544 1560 tibi
553 1509 664 1559 Iemnon
673 1517 699 1559 et
710 1510 782 1576 Argo

137 1589 213 1639 Sueta
223 1590 291 1653 loqui
302 1597 328 1638 et
338 1590 413 1654 longa
423 1605 535 1638 somnum
546 1589 649 1638 suadere
661 1589 781 1654 querela?

137 1671 177 1720 Sic
188 1671 300 1734 equidem
310 1670 391 1719 luctus
402 1671 499 1719 solabar
509 1677 535 1718 et
544 1670 621 1718 ubera
630 1686 708 1734 parvo

135 1749 190 1797 lam
200 1756 311 1796 materna
322 1747 419 1808 dabam,
431 1749 470 1796 cui
481 1763 546 1796 nunc
556 1749 623 1796 venit
634 1749 719 1797 irritus
729 1748 767 1798 ori

135 1826 228 1886 Laetis,
239 1835 264 1876 et
274 1827 361 1876 infelix
370 1829 396 1876 in
406 1828 508 1876 vulnera
518 1828 623 1890 liquitur
633 1829 717 1878 imber.

136 1907 300 1958 Noscodeos:
315 1907 405 1956 edura
414 1909 463 1957 mei
471 1909 601 1973 praesagia
610 1910 688 1957 somni

137 1986 308 2052 Nocturnique
316 1996 573 2052 metus,etnumquum
580 1991 671 2052 inpune
679 2004 723 2053 per
731 1987 831 2038 umbras

136 2068 268 2117 Attonitae
280 2068 341 2116 mihi
351 2070 404 2117 visa
415 2069 517 2118 Venus!
535 2084 598 2133 quos
609 2085 688 2133 arguo
699 2068 788 2118 divos?

137 2147 197 2210 Ipsa
206 2163 253 2212 ego
263 2148 380 2211 te-quid
390 2150 454 2196 enim
465 2149 564 2197 timeam
575 2150 696 2197 moritura
706 2147 799 2196 lateri?

137 2227 249 2292 Exposui
259 2228 325 2276 latis.
358 2228 429 2288 Quae
438 2237 545 2277 mentem
557 2229 653 2277 insanie
664 2228 764 2277 traxit?

138 2307 250 2356 Tantane
260 2323 299 2355 me
310 2315 393 2356 tantae
404 2317 503 2356 tenuere
511 2308 601 2357 oblivia
612 2307 704 2357 curae?

138 2388 207 2437 Dum
217 2389 311 2452 patrios
320 2403 392 2437 casus
402 2389 531 2450 famaeque
541 2403 632 2437 exorsa
642 2395 750 2438 retracto

138 2468 279 2516 Ambitiosa
290 2482 367 2529 meae,
378 2470 457 2531 pietas
466 2468 526 2516 baec
537 2483 636 2532 magna,
646 2469 769 2531 fidesque!

139 2548 241 2598 Exsolvi
252 2549 306 2605 tibi,
316 2549 417 2606 Lemne‚
427 2548 512 2611 nelas5
530 2548 573 2596 ubi
584 2548 664 2597 letifer
674 2549 770 2609 anguis,

139 2627 222 2686 Ferte,
234 2627 316 2686 duces,
327 2629 409 2676 meriti
420 2629 442 2676 si
452 2643 501 2690 qna
512 2634 550 2675 est
558 2626 620 2674 mibi
630 2628 711 2692 gretia
721 2627 786 2684 duri,
797 2687 799 2694 Α

142 2709 169 2759 Si
180 2709 236 2772 quis
248 2708 325 2756 honos
336 2709 416 2766 dictis,
426 2715 471 2756 aut
480 2723 523 2756 vos
534 2709 671 2772 extinguite
680 2708 754 2765 ferro,

141 2788 181 2837 Ne
192 2790 277 2837 tristes
288 2787 399 2837 dominos
409 2789 545 2852 orbamque
555 2788 655 2837 inimica
667 2788 770 2836 revisam
