2070 3542
251 417 254 424 ¹
343 390 542 439 mmm.
749 409 789 445 121

103 486 237 536 Excudent
247 486 290 536 alii
301 486 421 551 spirantia
431 488 528 536 mollius
538 503 605 548 aera,

103 565 185 615 Credo
195 566 315 630 equidem,
326 567 394 615 rivus
404 567 493 616 ducent
503 568 534 616 de
545 581 665 616 marmore
676 566 765 628 voltus,

104 645 220 695 Orabunt
230 662 328 696 caumas
339 647 435 708 melius,
446 648 556 711 caelique
566 653 662 696 meatus

102 726 251 776 Describent
261 727 332 776 radio
343 735 368 776 et
379 729 506 792 surgentia
517 727 599 776 sidera
608 727 706 778 dicente

103 803 143 853 Tu
154 818 239 869 regere
245 806 347 869 imperio
358 805 470 869 populos,
481 805 599 868 Romane,
610 814 745 872 memento3
803 816 807 823 '

103 883 158 933 Hee
169 884 216 932 tibi
226 891 300 932 erunt
310 892 391 950 ortes3
409 887 513 950 pacique
536 887 650 950 inponere
660 903 761 944 morem,

14 979 15 984 ¹
102 964 209 1013 Parcere
222 963 338 1013 subiectis
357 972 383 1014 et
393 964 515 1014 debellare
526 967 651 1030 superbos.

132 1043 174 1092 Sic
180 1051 252 1108 peter
258 1044 390 1102 Anchises,
399 1051 474 1108 atque
483 1045 544 1094 haec
553 1048 700 1096 mirantibus
707 1047 792 1097 edditr

104 1122 208 1186 Aspice,
219 1129 249 1171 ut
259 1124 363 1188 inriguis
374 1125 458 1188 spoliis
467 1125 601 1174 Marcellus
611 1127 699 1190 opimis

101 1202 246 1267 Ingreditur
264 1205 390 1267 victorque
400 1207 466 1254 viros
476 1208 640 1270 supereminet
647 1207 732 1254 omnis.

101 1282 148 1331 llic
158 1299 212 1332 rem
225 1283 369 1342 Romanam,
379 1300 469 1349 magno
479 1287 596 1334 turbante
606 1285 713 1334 tumultu

103 1361 184 1422 Sistet,
193 1379 272 1427 eques
279 1372 373 1413 sternet
382 1364 477 1412 Poenos
489 1364 637 1428 Gallumque
647 1364 772 1427 rebellem,

13 1428 15 1448 l
101 1441 237 1506 Tertieque
248 1457 318 1490 erma
327 1444 395 1507 patri
405 1445 539 1512 suspendet
549 1452 621 1508 capta
632 1443 745 1504 Quirino.

137 1527 226 1590 Atque
237 1525 278 1573 hic
288 1525 396 1584 Aeneas,
407 1539 457 1572 nna
466 1540 572 1588 namque
583 1526 619 1574 ire
629 1525 727 1574 ridebat

101 1601 240 1667 Egregium
247 1599 327 1649 forme
338 1602 450 1651 iuvenem
460 1610 485 1652 et
497 1603 646 1669 fulgentibus
657 1605 740 1662 armis,

101 1679 148 1730 Sed
159 1681 233 1730 frons
243 1680 308 1728 laeta
316 1697 405 1746 parum
422 1689 448 1730 et
459 1683 553 1732 deiecto
562 1683 656 1732 lumina
666 1684 749 1734 voltu:

39 1819 44 1832 Ι
102 1760 172 1824 Quis,
184 1768 269 1826 pater,
279 1761 329 1823 ille,
341 1763 421 1811 virum
432 1763 475 1827 qui
485 1764 520 1812 sic
531 1765 662 1814 comitetur
672 1771 770 1813 euntem
781 1766 792 1813 l

29 1881 33 1890 .
99 1839 185 1896 Filius,
196 1854 264 1888 anne
275 1839 363 1902 uliquis
373 1855 464 1904 magne
474 1841 504 1889 de
515 1843 592 1906 stirpe
601 1842 737 1905 nepotum?

101 1917 288 1983 Quisatrepitue
303 1920 369 1968 circa
382 1919 509 1978 comitum,
530 1927 650 1984 quentum
664 1921 742 1970 instar
756 1922 783 1970 in

194 1999 266 2064 ipso!

102 2078 148 2128 Sed
159 2095 211 2128 nox
222 2087 279 2128 utra
289 2084 364 2143 caput
374 2079 441 2127 tristi
450 2079 608 2129 circumvolat
618 2081 712 2131 umbra.

14 2219 15 2226 ἵ
100 2158 163 2208 Tum
173 2157 391 2224 patefecerim,
401 2157 508 2207 lacrimis
518 2161 643 2224 ingressus
653 2161 760 2212 obortis:

14 2231 15 2242 ¹
100 2239 218 2304 Ognate‚
231 2238 358 2302 ingentem
368 2236 461 2286 luctum
471 2254 502 2286 ne
514 2255 604 2304 quaere
616 2247 713 2288 tuorum
720 2259 728 2305 3

100 2318 239 2368 Ostendent
249 2317 323 2366 terrie
334 2318 399 2365 hunc
410 2324 507 2366 tantum
517 2319 569 2367 fata
588 2335 666 2384 neque
676 2320 751 2382 ultra,

99 2399 159 2449 Esse
170 2401 265 2449 sinent.
299 2397 410 2446 Nimium
420 2397 489 2446 vobis
499 2398 611 2447 Romana
621 2415 730 2465 propago

100 2479 162 2528 Visa
172 2486 272 2543 potens,
289 2477 381 2542 superi,
391 2478 491 2540 propria
501 2477 562 2526 haec
574 2479 595 2526 ei
605 2479 669 2527 dona
680 2479 791 2528 fuissent.

100 2557 215 2618 Quantos
225 2556 268 2605 ille
279 2558 359 2606 virum
370 2571 485 2620 maguum
496 2556 617 2606 Mavortis
628 2558 659 2605 ad
670 2558 756 2606 urbem

98 2637 209 2702 Campus
221 2644 280 2700 aget
291 2636 407 2700 gemitus,
428 2635 465 2683 vel
476 2651 548 2699 quae,
561 2635 686 2694 Tiberine,
697 2635 791 2686 videbis

98 2717 209 2778 Funera,
222 2731 280 2765 cum
291 2715 412 2764 tumulum
424 2716 605 2780 praeterlabere
615 2715 750 2763 recentem!

101 2797 152 2848 Nee
162 2812 229 2864 puer
241 2796 319 2844 nece
329 2795 457 2860 quisquam
468 2795 498 2844 de
508 2801 581 2859 gente
591 2793 694 2842 Latinos
