2054 3546
325 371 535 416 scottulus,
748 387 776 434 29

94 463 178 514 Aulide
189 480 237 530 quo
247 472 320 528 pacto
332 463 426 513 Triviai
435 465 538 528 virginis
549 479 616 512 aram

93 546 240 609 Iphianassai
251 552 384 608 turparunt
395 545 513 608 sanguiue
523 542 594 592 foede

94 624 208 674 Ductores
218 625 335 674 Danaum
346 625 441 686 delecti,
452 626 533 688 prima
543 625 657 672 virorum

94 703 217 753 autsimul
228 705 308 754 infula
318 706 440 768 virgineos
449 703 599 752 circumdata
609 711 721 768 comptus

96 785 133 832 Ex
143 791 245 849 utraque
255 787 312 849 pari
322 786 441 834 malarum
452 793 523 850 porte
533 784 665 849 profusam,

96 864 126 914 Et
135 872 251 914 maestum
262 865 403 914 simulante
414 881 470 914 aras
481 865 578 912 adstare
589 872 714 928 parentem

97 943 171 993 Sensit
181 953 206 994 et
216 945 283 994 hunc
292 953 393 1010 propter
403 946 495 994 ferrum
506 944 585 993 celare
596 945 720 993 ministros

96 1022 248 1088 Aspectuque
260 1041 307 1074 suo
317 1025 430 1074 lacrimas
441 1024 567 1073 effundere
577 1025 645 1085 civis,

96 1101 162 1151 Muta
171 1112 238 1152 metu
250 1112 344 1154 terrm
356 1106 458 1167 genibus
469 1106 600 1152 summissa
608 1103 714 1168 petebat

96 1181 143 1231 Nec
152 1185 254 1234 muscae
266 1184 383 1248 prodesse
394 1187 419 1232 iu
432 1184 476 1232 tali
488 1193 597 1248 tempore
608 1185 693 1246 quibat

97 1261 162 1322 Quod
172 1266 252 1328 patrio
264 1266 379 1328 princeps
390 1264 494 1313 donarat
505 1264 602 1311 nomine
613 1277 695 1326 regem
706 1281 713 1326 3

97 1341 155 1390 Nam
163 1345 259 1393 sublata
269 1345 350 1392 virum
357 1344 469 1392 manibus
478 1342 682 1406 tremibundaque
691 1341 723 1390 ad
731 1356 785 1390 aras

96 1421 232 1485 Deductsst,
243 1439 294 1472 nou
304 1429 334 1472 ut
345 1423 454 1472 sollemni
464 1438 532 1471 more
543 1437 668 1470 sacrorum

96 1499 200 1551 Perfecto
210 1510 295 1567 posset
306 1501 373 1551 claro
383 1503 495 1551 comitari
506 1500 659 1566 Hymenaeo,

97 1578 140 1630 Sed
149 1589 215 1631 casta
224 1584 319 1632 inceste
330 1583 437 1632 nubendi
448 1589 556 1646 tempore
567 1582 658 1646 inipso

97 1658 179 1711 Hostis
189 1662 331 1710 concideret
341 1668 449 1711 mactatu
458 1671 552 1710 maesta
562 1662 679 1726 parentis,

96 1738 178 1790 Exitus
188 1748 216 1790 ut
227 1741 304 1790 classi
313 1740 374 1790 felix
384 1741 528 1804 faustusque
539 1741 647 1789 daretur.

97 1817 196 1870 Tantum
208 1821 299 1886 religio
309 1822 389 1886 potuit
399 1821 501 1870 suadere
512 1821 639 1869 malcum.

656 1916 678 1949 v.
692 1904 788 1950 80-101.

409 2042 484 2078 mv.

129 2143 189 2201 Ius.
203 2146 447 2216 H.-Pltilcsopby
461 2147 502 2198 the
516 2145 609 2196 Souce
618 2143 670 2210 sor
682 2141 758 2195 Care.

146 2296 157 2345 gs
191 2299 195 2307 ·
221 2271 333 2332 UAVE,
344 2271 408 2320 mari
417 2285 505 2334 magno
517 2266 675 2317 turbantibus
684 2279 793 2328 aequora

130 2370 150 2397 ’π
178 2344 211 2370 ””
317 2351 395 2399 ventis

142 2390 213 2471 'slssl
237 2435 259 2480 E
272 2386 465 2494 terramag’num
487 2429 590 2478 alterius
608 2432 718 2490 spectare
731 2423 796 2472 labo·

194 2526 264 2573 rem3

103 2585 155 2634 Non
166 2588 225 2650 quia
237 2585 325 2634 vexari
336 2587 508 2646 quemquamst
518 2577 625 2628 iummda
635 2577 756 2640 voluptas,

104 2659 148 2708 Sed
159 2662 249 2724 quibus
261 2661 314 2723 ipse
325 2658 396 2705 malis
406 2672 489 2705 cereas
497 2657 556 2719 quia
563 2669 662 2702 cernere
671 2666 744 2701 suave
754 2657 791 2699 est

105 2739 179 2790 Suave
189 2743 266 2790 etiam
278 2738 338 2786 belli
348 2738 480 2785 certamino
491 2750 581 2799 magna
592 2733 657 2782 tueri

104 2819 149 2868 Per
158 2835 259 2884 campos
270 2820 391 2866 instructa
401 2823 445 2864 tua
455 2815 507 2864 sine
517 2820 588 2878 parte
598 2809 690 2876 pericli.
