2054 3546
340 385 547 431 LUORETIUS.

283 613 314 662 T.
333 613 497 664 LUCRETII
513 611 607 663 CARI.

408 733 477 768 xxn.

305 827 349 880 De
363 823 463 879 Rerum
477 825 588 878 Natura.

314 939 372 990 Lus.
384 941 577 990 I.—Exordiam.

97 1291 167 1351 Quae
178 1304 249 1338 mare
260 1286 414 1349 navigerum,
426 1297 489 1347 quae
499 1288 580 1330 terras
593 1201 763 1344 frugiferentis

97 1369 271 1429 concelebras,
277 1380 322 1430 per
329 1371 354 1413 te
361 1364 475 1428 quonism
482 1376 561 1426 genus
567 1374 639 1408 omne
644 1359 793 1406 animantum

97 1450 244 1515 Concinitur
254 1447 360 1509 visitque
372 1449 485 1492 exortum
496 1441 590 1490 lumina
601 1438 666 1488 solis.

97 1529 144 1593 Te,
153 1530 210 1592 dea,
221 1536 247 1576 te
258 1525 359 1590 fugiunt
368 1523 443 1580 renti,
454 1529 479 1570 te
490 1519 575 1569 nubila
584 1518 645 1568 caeli

97 1609 292 1670 Adventumqne
302 1613 382 1664 tuum,
392 1603 439 1652 tibi
451 1602 534 1651 suavis
546 1599 648 1648 daedala
659 1597 731 1647 tellus

98 1687 236 1739 Summittit
246 1685 329 1746 flores,
340 1684 385 1732 tibi
396 1682 478 1731 rident
488 1695 595 1744 aequora
604 1680 674 1743 ponti

97 1770 277 1830 Placatumqne
287 1766 349 1813 nitet
358 1761 448 1812 diffuso
458 1761 550 1809 lumine
561 1759 665 1809 caelum.

98 1849 163 1898 Nam
174 1845 250 1896 simul
260 1860 289 1893 ac
300 1844 393 1906 species
404 1841 552 1905 patefactast
562 1854 638 1888 verna
648 1839 698 1886 diei

97 1930 132 1978 Et
141 1933 255 1978 reserata
264 1925 332 1988 viget
342 1920 482 1986 genitabilis
493 1935 554 1968 aura
564 1918 655 1974 favoni,

99 2007 193 2054 Aeriae
203 2003 313 2068 primum
324 2000 436 2048 volucres
446 2005 481 2059 te,
491 1998 556 2058 diva,
565 2004 684 2058 tuumque

102 2085 249 2150 Significant
260 2083 348 2130 initum
359 2077 485 2143 perculsae
496 2078 571 2126 corda
582 2084 625 2125 tua
635 2077 668 2126 vi.

99 2166 161 2214 Inde
172 2165 241 2213 ferae
252 2160 357 2226 pecudes
367 2159 505 2224 persultant
515 2157 606 2222 pabula
615 2156 680 2204 laeta

100 2245 133 2293 Et
141 2244 241 2309 rapidos
252 2249 352 2291 tranant
363 2239 441 2288 amnis
452 2258 458 2288 ι
476 2239 512 2288 ita
520 2244 592 2302 capta
602 2237 683 2300 lepore

100 2325 136 2373 Te
148 2325 261 2387 sequitur
269 2320 358 2384 cupide
367 2334 419 2382 quo
430 2333 553 2382 quamque
563 2317 678 2366 inducere
689 2317 778 2382 pergis.

101 2404 213 2468 Denique
222 2417 269 2467 per
280 2400 360 2448 maris
371 2414 399 2446 ac
410 2399 500 2446 montis
511 2397 647 2460 fluviosque
658 2397 753 2460 rapacis

100 2482 309 2544 Frondiferasque
320 2479 404 2527 domos
415 2479 496 2527 avium
507 2492 654 2541 camposque
663 2477 765 2525 virentis

101 2563 219 2614 Omnibus
230 2560 354 2609 incutiens
364 2557 480 2606 blandum
491 2572 535 2621 per
546 2565 645 2620 pectora
656 2571 763 2605 amorem

99 2641 181 2689 Efficis
192 2646 222 2686 nt
232 2635 324 2700 cupide
334 2634 469 2698 generatim
480 2632 559 2680 saecla
569 2639 712 2697 propagent.

100 2720 168 2780 Quae
180 2717 303 2782 quoniam
313 2729 396 2762 rerum
409 2721 522 2761 naturam
534 2713 586 2760 sola
596 2712 717 2774 gubernas

100 2799 150 2849 Nec
162 2801 215 2848 sine
228 2805 254 2846 te
266 2795 398 2859 quicquam
410 2792 463 2841 dias
474 2793 500 2840 in
510 2792 609 2840 luminis
620 2805 675 2840 oras
