2070 3542
352 363 552 412 Vanamws.
768 381 799 428 95

107 455 208 506 Effusas
218 457 298 520 labor,
310 463 384 522 atque
395 458 488 507 inmitis
498 465 572 522 rupta
582 457 685 521 tyranni

15 541 16 588 t
106 535 227 597 Foedera,
237 545 325 602 terque
335 537 419 602 fragor
430 539 525 602 stagnis
536 537 636 586 auditus
646 537 763 586 Aramis.

15 613 16 652 ἓ
107 615 161 673 illa,
179 616 242 676 Quia
259 625 285 666 et
301 633 349 678 me,
366 617 456 680 inquit,
473 619 594 675 miseram,
605 624 631 666 et
647 623 672 668 te
687 616 801 682 perdidit,

204 697 317 760 Orphea,

108 773 169 833 Quis
178 781 264 824 tantus
274 775 364 824 furori
384 775 424 824 En
434 776 524 824 iterum
534 777 643 826 crudelia
652 785 721 828 retro

107 852 169 902 Fata
180 862 278 916 vocant,
287 855 419 919 conditque
429 857 542 905 natantia
552 857 646 905 lumina
656 869 764 915 somnus.

107 933 209 999 Iamque
220 935 290 984 vale:
308 935 374 986 feror
386 937 480 1000 ingenti
491 937 641 986 circumdata
650 945 729 1000 noete,

107 1009 282 1074 Invalidasque
293 1013 339 1060 tibi
350 1012 461 1073 tendens,
473 1013 521 1060 heu
533 1029 582 1062 non
593 1022 645 1076 tua,
656 1014 749 1078 palmas
760 1017 766 1061 l

16 1141 17 1152 χ
107 1089 186 1150 Dixit,
199 1098 226 1141 et
236 1107 269 1139 ex
280 1091 356 1140 oeulis
367 1092 456 1148 subito,
467 1108 512 1140 ceu
522 1093 605 1141 fumus
616 1095 643 1142 in
652 1109 726 1143 auras

15 1169 17 1184 ¹
108 1169 265 1220 commixtus
275 1174 365 1232 tenuis,
375 1172 441 1236 fugit
452 1173 557 1232 diversa,
568 1189 648 1236 neque
659 1173 737 1234 illum,

106 1247 269 1299 Prensantem
279 1253 429 1314 nequiquam
440 1253 539 1300 umbras
551 1260 576 1300 et
587 1253 666 1301 multa
676 1253 799 1302 volentem

107 1327 203 1393 Dicere,
215 1338 343 1395 praeterea
353 1331 430 1395 vidit3
446 1347 491 1380 nee
501 1333 605 1396 port-iter
616 1333 673 1382 Orci

15 1477 16 1480 Ἴ
106 1409 225 1473 Amplius
237 1410 356 1458 obiectam
366 1427 453 1475 passus
465 1413 571 1460 transire
582 1413 704 1476 paludem.

108 1487 175 1547 Quid
185 1489 301 1538 feneret?
319 1505 368 1554 quo
379 1507 404 1538 se
415 1499 486 1555 rapta
496 1490 534 1539 bis
545 1493 647 1556 coniuge
659 1491 753 1541 ferreti

107 1568 162 1628 Quo
174 1569 237 1618 fletu
249 1569 340 1631 Manis,
350 1586 400 1634 qua
410 1570 519 1620 Numina
531 1587 587 1620 voee
598 1573 725 1621 moveret?

106 1649 152 1698 llla
163 1649 269 1712 quidem
280 1649 370 1715 Stygia
380 1652 456 1700 nabat
467 1653 518 1700 iam
529 1651 620 1715 frigida
633 1652 728 1702 cumba.

106 1729 208 1794 Septem
220 1729 289 1778 illum
300 1737 364 1778 totos
375 1731 504 1794 perhibent
516 1747 548 1779 ex
558 1731 644 1780 ordine
656 1747 751 1780 menses
784 1733 789 1742 “

106 1808 180 1874 Rupe
190 1809 238 1858 sub
248 1810 316 1858 aeria
327 1809 419 1870 deserti
428 1810 460 1858 ad
472 1809 610 1874 Strymonis
621 1811 711 1859 undam

105 1889 225 1946 Flevisse,
235 1896 261 1938 et
271 1889 359 1954 gelidis
370 1889 430 1939 haec
441 1890 557 1939 evolvisse
569 1891 614 1938 sub
625 1893 712 1952 antris,

106 1967 261 2018 Muleentem
272 1969 347 2033 tigris
358 1976 384 2017 et
394 1976 511 2032 agentem
521 1971 629 2018 carmine
640 1985 758 2034 quereus3

107 2047 197 2107 Qualis
208 2047 314 2112 populea
324 2063 435 2096 maerens
446 2049 578 2113 philomela
589 2049 634 2098 sub
645 2050 733 2098 umbra

107 2128 222 2177 Amissos
233 2129 347 2191 queritur
358 2128 434 2190 fetus,
445 2143 505 2192 quos
516 2129 593 2177 durus
603 2136 687 2178 arator

107 2206 249 2256 Observans
261 2207 319 2256 nido
330 2206 445 2271 inplumis
457 2208 566 2257 detraxit
572 2228 580 2272 3
599 2216 625 2258 at
635 2209 677 2257 illa

109 2287 167 2337 Flet
177 2293 286 2349 noctem,
297 2302 414 2350 ramoque
426 2288 513 2337 sedens
524 2289 662 2337 miserabile
673 2305 772 2338 carmen
792 2326 793 2330 ,

108 2365 232 2432 Integrat‚
243 2373 270 2416 et
280 2367 380 2415 maestis
390 2367 439 2416 late
449 2368 503 2417 lona
513 2368 640 2432 questibus
651 2369 734 2434 inplet.

109 2445 186 2496 Nulla
198 2446 296 2507 Venus,
306 2461 356 2496 non
366 2446 411 2495 ulli
422 2448 531 2496 animum
541 2447 632 2496 flexere
643 2447 781 2512 hymenaei.

110 2524 183 2576 Solus
196 2517 376 2592 Hyperboreas
386 2526 476 2591 glacies
487 2527 638 2592 Tanaimque
648 2526 755 2575 nivalem

108 2606 230 2672 Arvaque
241 2606 363 2670 Rhipaeis
374 2622 508 2669 numquam
519 2607 619 2654 viduata
629 2606 725 2670 pruinis

108 2685 253 2748 Lustrabat,
264 2693 363 2750 raptam
374 2687 514 2751 Eurydicen
525 2695 599 2751 atque
610 2687 686 2733 inrita
696 2685 764 2734 Ditis

109 2763 181 2817 Dona
187 2783 306 2834 querens3
319 2774 415 2831 spretae
422 2766 539 2816 Ciconum
550 2783 599 2830 quo
606 2780 707 2814 munere
715 2771 806 2815 matres
