<?xml version="1.0" encoding="UTF-8"?>
<!DOCTYPE html PUBLIC "-//W3C//DTD XHTML 1.0 Transitional//EN"
    "http://www.w3.org/TR/xhtml1/DTD/xhtml1-transitional.dtd">
<html xmlns="http://www.w3.org/1999/xhtml" xml:lang="en" lang="en">
 <head>
  <title>
</title>
<meta http-equiv="Content-Type" content="text/html;charset=utf-8" />
  <meta name='ocr-system' content='tesseract 3.04.00' />
  <meta name='ocr-capabilities' content='ocr_page ocr_carea ocr_par ocr_line ocrx_word'/>
</head>
<body>
  <div class='ocr_page' id='page_1' title='image "./anthologialatin01thacgoog_0107.png"; bbox 0 0 2070 3542; ppageno 0'>
   <div class='ocr_carea' id='block_1_1' title="bbox 370 387 569 433">
    <p class='ocr_par' dir='ltr' id='par_1_1' title="bbox 370 387 569 433">
     <span class='ocr_line' id='line_1_1' title="bbox 370 387 569 433; baseline -0.015 0"><span class='ocrx_word' id='word_1_1' title='bbox 370 387 569 433; x_wconf 75' lang='lat' dir='ltr'><strong>Vneemus</strong></span> 
     </span>
    </p>
   </div>
   <div class='ocr_carea' id='block_1_2' title="bbox 123 480 803 1739">
    <p class='ocr_par' dir='ltr' id='par_1_2' title="bbox 124 480 639 545">
     <span class='ocr_line' id='line_1_2' title="bbox 124 480 639 545; baseline -0.014 -11"><span class='ocrx_word' id='word_1_2' title='bbox 124 484 162 534; x_wconf 80' lang='lat' dir='ltr'><strong>At</strong></span> <span class='ocrx_word' id='word_1_3' title='bbox 171 497 260 532; x_wconf 81' lang='lat' dir='ltr'><strong>secure</strong></span> <span class='ocrx_word' id='word_1_4' title='bbox 271 481 342 545; x_wconf 86' lang='lat' dir='ltr'><strong>quies</strong></span> <span class='ocrx_word' id='word_1_5' title='bbox 352 487 378 530; x_wconf 88' lang='lat' dir='ltr'><strong>et</strong></span> <span class='ocrx_word' id='word_1_6' title='bbox 388 483 472 532; x_wconf 83' lang='lat' dir='ltr'><strong>nescis</strong></span> <span class='ocrx_word' id='word_1_7' title='bbox 482 481 568 530; x_wconf 83' lang='lat' dir='ltr'><strong>fallere</strong></span> <span class='ocrx_word' id='word_1_8' title='bbox 578 480 639 540; x_wconf 85' lang='lat' dir='ltr'><strong>vita,</strong></span> 
     </span>
    </p>

    <p class='ocr_par' dir='ltr' id='par_1_3' title="bbox 123 558 771 864">
     <span class='ocr_line' id='line_1_3' title="bbox 123 558 702 626; baseline -0.01 -14"><span class='ocrx_word' id='word_1_9' title='bbox 123 564 201 612; x_wconf 88' lang='lat' dir='ltr'><strong>Dives</strong></span> <span class='ocrx_word' id='word_1_10' title='bbox 211 577 286 626; x_wconf 90' lang='lat' dir='ltr'><strong>opum</strong></span> <span class='ocrx_word' id='word_1_11' title='bbox 299 563 432 624; x_wconf 73' lang='lat' dir='ltr'><strong>seriarum,</strong></span> <span class='ocrx_word' id='word_1_12' title='bbox 443 561 536 610; x_wconf 84' lang='lat' dir='ltr'><strong>stlatis</strong></span> <span class='ocrx_word' id='word_1_13' title='bbox 547 561 598 609; x_wconf 89' lang='lat' dir='ltr'><strong>otia</strong></span> <span class='ocrx_word' id='word_1_14' title='bbox 609 558 702 619; x_wconf 83' lang='lat' dir='ltr'><strong>fundis,</strong></span> 
     </span>
     <span class='ocr_line' id='line_1_4' title="bbox 125 633 710 705; baseline -0.014 -15"><span class='ocrx_word' id='word_1_15' title='bbox 125 641 271 705; x_wconf 81' lang='lat' dir='ltr'><strong>Speluncae,</strong></span> <span class='ocrx_word' id='word_1_16' title='bbox 284 633 470 705; x_wconf 69' lang='lat' dir='ltr'><strong>vivique‘lecus,</strong></span> <span class='ocrx_word' id='word_1_17' title='bbox 483 649 509 689; x_wconf 84' lang='lat' dir='ltr'><strong>st</strong></span> <span class='ocrx_word' id='word_1_18' title='bbox 519 640 611 705; x_wconf 82' lang='lat' dir='ltr'><strong>frigido</strong></span> <span class='ocrx_word' id='word_1_19' title='bbox 621 643 710 698; x_wconf 82' lang='lat' dir='ltr'><strong>tempe,</strong></span> 
     </span>
     <span class='ocr_line' id='line_1_5' title="bbox 125 719 771 785; baseline -0.003 -17"><span class='ocrx_word' id='word_1_20' title='bbox 125 721 287 785; x_wconf 86' lang='lat' dir='ltr'><strong>Mugitusque</strong></span> <span class='ocrx_word' id='word_1_21' title='bbox 298 720 372 768; x_wconf 89' lang='lat' dir='ltr'><strong>boum</strong></span> <span class='ocrx_word' id='word_1_22' title='bbox 392 720 525 784; x_wconf 83' lang='lat' dir='ltr'>mollesque</span> <span class='ocrx_word' id='word_1_23' title='bbox 537 720 582 768; x_wconf 85' lang='lat' dir='ltr'><strong>sub</strong></span> <span class='ocrx_word' id='word_1_24' title='bbox 593 719 681 767; x_wconf 89' lang='lat' dir='ltr'><strong>arbore</strong></span> <span class='ocrx_word' id='word_1_25' title='bbox 692 721 771 766; x_wconf 88' lang='lat' dir='ltr'><strong>somni</strong></span> 
     </span>
     <span class='ocr_line' id='line_1_6' title="bbox 125 799 710 864; baseline -0.002 -16"><span class='ocrx_word' id='word_1_26' title='bbox 125 801 182 848; x_wconf 85' lang='lat' dir='ltr'><strong>Non</strong></span> <span class='ocrx_word' id='word_1_27' title='bbox 193 800 301 864; x_wconf 84' lang='lat' dir='ltr'><strong>absuut3</strong></span> <span class='ocrx_word' id='word_1_28' title='bbox 317 800 367 848; x_wconf 88' lang='lat' dir='ltr'><strong>illie</strong></span> <span class='ocrx_word' id='word_1_29' title='bbox 378 800 456 850; x_wconf 90' lang='lat' dir='ltr'><strong>saltus</strong></span> <span class='ocrx_word' id='word_1_30' title='bbox 465 816 494 848; x_wconf 85' lang='lat' dir='ltr'><strong>ec</strong></span> <span class='ocrx_word' id='word_1_31' title='bbox 503 800 583 848; x_wconf 81' lang='lat' dir='ltr'><strong>lustra</strong></span> <span class='ocrx_word' id='word_1_32' title='bbox 593 799 710 859; x_wconf 73' lang='lat' dir='ltr'><strong>ferarum,</strong></span> 
     </span>
    </p>

    <p class='ocr_par' dir='ltr' id='par_1_4' title="bbox 124 879 793 1103">
     <span class='ocr_line' id='line_1_7' title="bbox 124 879 776 945; baseline -0.005 -18"><span class='ocrx_word' id='word_1_33' title='bbox 124 880 158 928; x_wconf 85' lang='lat' dir='ltr'><strong>Et</strong></span> <span class='ocrx_word' id='word_1_34' title='bbox 167 881 265 944; x_wconf 86' lang='lat' dir='ltr'><strong>patiens</strong></span> <span class='ocrx_word' id='word_1_35' title='bbox 274 894 378 942; x_wconf 89' lang='lat' dir='ltr'><strong>operum</strong></span> <span class='ocrx_word' id='word_1_36' title='bbox 388 881 529 945; x_wconf 84' lang='lat' dir='ltr'><strong>exiguoque</strong></span> <span class='ocrx_word' id='word_1_37' title='bbox 540 879 642 928; x_wconf 83' lang='lat' dir='ltr'><strong>adsueta</strong></span> <span class='ocrx_word' id='word_1_38' title='bbox 652 879 776 934; x_wconf 80' lang='lat' dir='ltr'><strong>iuventus,</strong></span> 
     </span>
     <span class='ocr_line' id='line_1_8' title="bbox 126 957 793 1024; baseline -0.006 -15"><span class='ocrx_word' id='word_1_39' title='bbox 126 959 202 1009; x_wconf 81' lang='lat' dir='ltr'><strong>Sacra</strong></span> <span class='ocrx_word' id='word_1_40' title='bbox 212 961 295 1016; x_wconf 86' lang='lat' dir='ltr'><strong>deum,</strong></span> <span class='ocrx_word' id='word_1_41' title='bbox 306 960 432 1023; x_wconf 70' lang='lat' dir='ltr'><strong>sanctique</strong></span> <span class='ocrx_word' id='word_1_42' title='bbox 443 967 542 1024; x_wconf 80' lang='lat' dir='ltr'><strong>patres3</strong></span> <span class='ocrx_word' id='word_1_43' title='bbox 559 967 671 1008; x_wconf 84' lang='lat' dir='ltr'><strong>extrema</strong></span> <span class='ocrx_word' id='word_1_44' title='bbox 682 973 727 1023; x_wconf 88' lang='lat' dir='ltr'><strong>per</strong></span> <span class='ocrx_word' id='word_1_45' title='bbox 739 957 793 1006; x_wconf 83' lang='lat' dir='ltr'><strong>illos</strong></span> 
     </span>
     <span class='ocr_line' id='line_1_9' title="bbox 125 1038 632 1103; baseline -0.004 -15"><span class='ocrx_word' id='word_1_46' title='bbox 125 1039 224 1088; x_wconf 90' lang='lat' dir='ltr'><strong>Iustitia</strong></span> <span class='ocrx_word' id='word_1_47' title='bbox 234 1039 356 1086; x_wconf 83' lang='lat' dir='ltr'><strong>excedens</strong></span> <span class='ocrx_word' id='word_1_48' title='bbox 367 1040 441 1088; x_wconf 88' lang='lat' dir='ltr'><strong>terris</strong></span> <span class='ocrx_word' id='word_1_49' title='bbox 454 1040 557 1103; x_wconf 84' lang='lat' dir='ltr'><strong>vestigia</strong></span> <span class='ocrx_word' id='word_1_50' title='bbox 567 1038 632 1087; x_wconf 83' lang='lat' dir='ltr'><strong>fecit.</strong></span> 
     </span>
    </p>

    <p class='ocr_par' dir='ltr' id='par_1_5' title="bbox 124 1117 803 1739">
     <span class='ocr_line' id='line_1_10' title="bbox 156 1117 755 1183; baseline -0.003 -16"><span class='ocrx_word' id='word_1_51' title='bbox 156 1120 199 1167; x_wconf 86' lang='lat' dir='ltr'><strong>Me</strong></span> <span class='ocrx_word' id='word_1_52' title='bbox 209 1135 268 1168; x_wconf 83' lang='lat' dir='ltr'><strong>vero</strong></span> <span class='ocrx_word' id='word_1_53' title='bbox 279 1120 386 1183; x_wconf 90' lang='lat' dir='ltr'><strong>primum</strong></span> <span class='ocrx_word' id='word_1_54' title='bbox 397 1119 480 1168; x_wconf 86' lang='lat' dir='ltr'><strong>dulces</strong></span> <span class='ocrx_word' id='word_1_55' title='bbox 492 1127 549 1168; x_wconf 86' lang='lat' dir='ltr'><strong>unte</strong></span> <span class='ocrx_word' id='word_1_56' title='bbox 560 1120 643 1166; x_wconf 81' lang='lat' dir='ltr'><strong>omnis</strong></span> <span class='ocrx_word' id='word_1_57' title='bbox 655 1117 755 1176; x_wconf 80' lang='lat' dir='ltr'>Musae,</span> 
     </span>
     <span class='ocr_line' id='line_1_11' title="bbox 125 1195 735 1260; baseline -0.007 -16"><span class='ocrx_word' id='word_1_58' title='bbox 125 1195 236 1254; x_wconf 83' lang='lat' dir='ltr'><strong>Quarum</strong></span> <span class='ocrx_word' id='word_1_59' title='bbox 248 1210 320 1244; x_wconf 87' lang='lat' dir='ltr'><strong>sacra</strong></span> <span class='ocrx_word' id='word_1_60' title='bbox 330 1195 382 1243; x_wconf 79' lang='lat' dir='ltr'><strong>fero</strong></span> <span class='ocrx_word' id='word_1_61' title='bbox 393 1195 487 1260; x_wconf 86' lang='lat' dir='ltr'><strong>ingenti</strong></span> <span class='ocrx_word' id='word_1_62' title='bbox 498 1209 630 1259; x_wconf 85' lang='lat' dir='ltr'><strong>percussus</strong></span> <span class='ocrx_word' id='word_1_63' title='bbox 642 1208 735 1254; x_wconf 85' lang='lat' dir='ltr'><strong>emere,</strong></span> 
     </span>
     <span class='ocr_line' id='line_1_12' title="bbox 125 1274 735 1340; baseline -0.008 -16"><span class='ocrx_word' id='word_1_64' title='bbox 125 1276 265 1338; x_wconf 83' lang='lat' dir='ltr'><strong>Accipient,</strong></span> <span class='ocrx_word' id='word_1_65' title='bbox 277 1274 388 1340; x_wconf 81' lang='lat' dir='ltr'><strong>caelique</strong></span> <span class='ocrx_word' id='word_1_66' title='bbox 398 1276 450 1324; x_wconf 81' lang='lat' dir='ltr'><strong>vias</strong></span> <span class='ocrx_word' id='word_1_67' title='bbox 460 1282 487 1323; x_wconf 88' lang='lat' dir='ltr'><strong>et</strong></span> <span class='ocrx_word' id='word_1_68' title='bbox 496 1274 579 1322; x_wconf 78' lang='lat' dir='ltr'><strong>sidere</strong></span> <span class='ocrx_word' id='word_1_69' title='bbox 589 1278 735 1332; x_wconf 83' lang='lat' dir='ltr'><strong>monstrent,</strong></span> 
     </span>
     <span class='ocr_line' id='line_1_13' title="bbox 126 1353 674 1416; baseline -0.007 -13"><span class='ocrx_word' id='word_1_70' title='bbox 126 1355 244 1404; x_wconf 79' lang='lat' dir='ltr'><strong>Defectus</strong></span> <span class='ocrx_word' id='word_1_71' title='bbox 256 1354 317 1403; x_wconf 90' lang='lat' dir='ltr'><strong>solis</strong></span> <span class='ocrx_word' id='word_1_72' title='bbox 327 1355 418 1415; x_wconf 81' lang='lat' dir='ltr'><strong>varios,</strong></span> <span class='ocrx_word' id='word_1_73' title='bbox 429 1354 552 1416; x_wconf 83' lang='lat' dir='ltr'><strong>lunaeque</strong></span> <span class='ocrx_word' id='word_1_74' title='bbox 562 1353 674 1412; x_wconf 78' lang='lat' dir='ltr'><strong>labores3</strong></span> 
     </span>
     <span class='ocr_line' id='line_1_14' title="bbox 126 1431 803 1498; baseline -0.003 -17"><span class='ocrx_word' id='word_1_75' title='bbox 126 1433 198 1482; x_wconf 89' lang='lat' dir='ltr'><strong>Unde</strong></span> <span class='ocrx_word' id='word_1_76' title='bbox 210 1443 304 1483; x_wconf 88' lang='lat' dir='ltr'><strong>tremor</strong></span> <span class='ocrx_word' id='word_1_77' title='bbox 315 1435 397 1496; x_wconf 81' lang='lat' dir='ltr'><strong>terris,</strong></span> <span class='ocrx_word' id='word_1_78' title='bbox 408 1449 458 1498; x_wconf 89' lang='lat' dir='ltr'><strong>qua</strong></span> <span class='ocrx_word' id='word_1_79' title='bbox 468 1435 494 1481; x_wconf 87' lang='lat' dir='ltr'><strong>vi</strong></span> <span class='ocrx_word' id='word_1_80' title='bbox 504 1433 584 1482; x_wconf 81' lang='lat' dir='ltr'><strong>meris</strong></span> <span class='ocrx_word' id='word_1_81' title='bbox 594 1431 647 1480; x_wconf 84' lang='lat' dir='ltr'><strong>alta</strong></span> <span class='ocrx_word' id='word_1_82' title='bbox 658 1438 803 1494; x_wconf 74' lang='lat' dir='ltr'><strong>tumescent</strong></span> 
     </span>
     <span class='ocr_line' id='line_1_15' title="bbox 125 1511 759 1576; baseline -0.006 -14"><span class='ocrx_word' id='word_1_83' title='bbox 125 1512 244 1562; x_wconf 78' lang='lat' dir='ltr'><strong>Obicibus</strong></span> <span class='ocrx_word' id='word_1_84' title='bbox 263 1515 343 1576; x_wconf 86' lang='lat' dir='ltr'><strong>ruptis</strong></span> <span class='ocrx_word' id='word_1_85' title='bbox 354 1529 489 1576; x_wconf 81' lang='lat' dir='ltr'><strong>rursusque</strong></span> <span class='ocrx_word' id='word_1_86' title='bbox 500 1514 527 1561; x_wconf 91' lang='lat' dir='ltr'><strong>in</strong></span> <span class='ocrx_word' id='word_1_87' title='bbox 538 1527 564 1560; x_wconf 88' lang='lat' dir='ltr'><strong>se</strong></span> <span class='ocrx_word' id='word_1_88' title='bbox 575 1513 630 1576; x_wconf 83' lang='lat' dir='ltr'><strong>ipso</strong></span> <span class='ocrx_word' id='word_1_89' title='bbox 641 1511 759 1565; x_wconf 84' lang='lat' dir='ltr'><strong>resident,</strong></span> 
     </span>
     <span class='ocr_line' id='line_1_16' title="bbox 124 1590 785 1657; baseline -0.003 -17"><span class='ocrx_word' id='word_1_90' title='bbox 124 1591 190 1650; x_wconf 84' lang='lat' dir='ltr'><strong>Quid</strong></span> <span class='ocrx_word' id='word_1_91' title='bbox 201 1600 299 1641; x_wconf 81' lang='lat' dir='ltr'><strong>tentum</strong></span> <span class='ocrx_word' id='word_1_92' title='bbox 312 1593 409 1642; x_wconf 78' lang='lat' dir='ltr'><strong>Oceano</strong></span> <span class='ocrx_word' id='word_1_93' title='bbox 419 1598 551 1657; x_wconf 83' lang='lat' dir='ltr'><strong>properent</strong></span> <span class='ocrx_word' id='word_1_94' title='bbox 561 1607 588 1642; x_wconf 86' lang='lat' dir='ltr'><strong>se</strong></span> <span class='ocrx_word' id='word_1_95' title='bbox 599 1591 711 1656; x_wconf 81' lang='lat' dir='ltr'><strong>tinguere</strong></span> <span class='ocrx_word' id='word_1_96' title='bbox 722 1590 785 1638; x_wconf 89' lang='lat' dir='ltr'><strong>soles</strong></span> 
     </span>
     <span class='ocr_line' id='line_1_17' title="bbox 124 1671 760 1739; baseline 0.002 -20"><span class='ocrx_word' id='word_1_97' title='bbox 124 1671 237 1739; x_wconf 66' lang='lat' dir='ltr'><strong>Hiberum,</strong></span> <span class='ocrx_word' id='word_1_98' title='bbox 248 1672 287 1720; x_wconf 83' lang='lat' dir='ltr'><strong>vel</strong></span> <span class='ocrx_word' id='word_1_99' title='bbox 298 1688 362 1736; x_wconf 81' lang='lat' dir='ltr'><strong>queo</strong></span> <span class='ocrx_word' id='word_1_100' title='bbox 374 1673 454 1722; x_wconf 84' lang='lat' dir='ltr'><strong>terdis</strong></span> <span class='ocrx_word' id='word_1_101' title='bbox 464 1687 536 1722; x_wconf 81' lang='lat' dir='ltr'><strong>mors</strong></span> <span class='ocrx_word' id='word_1_102' title='bbox 548 1672 660 1721; x_wconf 88' lang='lat' dir='ltr'><strong>noctibus</strong></span> <span class='ocrx_word' id='word_1_103' title='bbox 672 1672 760 1720; x_wconf 86' lang='lat' dir='ltr'><strong>obstet.</strong></span> 
     </span>
    </p>
   </div>
   <div class='ocr_carea' id='block_1_3' title="bbox 124 1749 808 2055">
    <p class='ocr_par' dir='ltr' id='par_1_6' title="bbox 124 1749 808 2055">
     <span class='ocr_line' id='line_1_18' title="bbox 125 1749 721 1818; baseline 0.002 -20"><span class='ocrx_word' id='word_1_104' title='bbox 125 1749 177 1812; x_wconf 84' lang='lat' dir='ltr'><strong>Sin,</strong></span> <span class='ocrx_word' id='word_1_105' title='bbox 188 1751 235 1800; x_wconf 84' lang='lat' dir='ltr'><strong>bes</strong></span> <span class='ocrx_word' id='word_1_106' title='bbox 247 1767 278 1800; x_wconf 90' lang='lat' dir='ltr'><strong>ne</strong></span> <span class='ocrx_word' id='word_1_107' title='bbox 290 1753 382 1815; x_wconf 88' lang='lat' dir='ltr'><strong>possim</strong></span> <span class='ocrx_word' id='word_1_108' title='bbox 393 1759 497 1802; x_wconf 83' lang='lat' dir='ltr'><strong>naturae</strong></span> <span class='ocrx_word' id='word_1_109' title='bbox 509 1751 623 1800; x_wconf 81' lang='lat' dir='ltr'><strong>accedere</strong></span> <span class='ocrx_word' id='word_1_110' title='bbox 633 1752 721 1818; x_wconf 83' lang='lat' dir='ltr'><strong>partis,</strong></span> 
     </span>
     <span class='ocr_line' id='line_1_19' title="bbox 125 1829 755 1897; baseline 0 -18"><span class='ocrx_word' id='word_1_111' title='bbox 125 1829 243 1897; x_wconf 73' lang='lat' dir='ltr'><strong>Frigidus</strong></span> <span class='ocrx_word' id='word_1_112' title='bbox 253 1831 379 1880; x_wconf 86' lang='lat' dir='ltr'><strong>obstiterit</strong></span> <span class='ocrx_word' id='word_1_113' title='bbox 389 1833 482 1881; x_wconf 88' lang='lat' dir='ltr'><strong>circum</strong></span> <span class='ocrx_word' id='word_1_114' title='bbox 493 1833 636 1896; x_wconf 84' lang='lat' dir='ltr'><strong>praecordis</strong></span> <span class='ocrx_word' id='word_1_115' title='bbox 646 1831 755 1895; x_wconf 76' lang='lat' dir='ltr'><strong>sanguis,</strong></span> 
     </span>
     <span class='ocr_line' id='line_1_20' title="bbox 125 1908 762 1976; baseline -0.005 -16"><span class='ocrx_word' id='word_1_116' title='bbox 125 1908 193 1960; x_wconf 85' lang='lat' dir='ltr'><strong>Rure</strong></span> <span class='ocrx_word' id='word_1_117' title='bbox 203 1911 267 1960; x_wconf 90' lang='lat' dir='ltr'><strong>mihi</strong></span> <span class='ocrx_word' id='word_1_118' title='bbox 277 1917 303 1960; x_wconf 86' lang='lat' dir='ltr'><strong>et</strong></span> <span class='ocrx_word' id='word_1_119' title='bbox 313 1913 380 1976; x_wconf 82' lang='lat' dir='ltr'><strong>rigui</strong></span> <span class='ocrx_word' id='word_1_120' title='bbox 390 1911 503 1976; x_wconf 84' lang='lat' dir='ltr'><strong>placeant</strong></span> <span class='ocrx_word' id='word_1_121' title='bbox 514 1912 540 1959; x_wconf 92' lang='lat' dir='ltr'><strong>in</strong></span> <span class='ocrx_word' id='word_1_122' title='bbox 551 1911 656 1960; x_wconf 76' lang='lat' dir='ltr'><strong>vallibus</strong></span> <span class='ocrx_word' id='word_1_123' title='bbox 668 1925 762 1970; x_wconf 80' lang='lat' dir='ltr'><strong>amnes,</strong></span> 
     </span>
     <span class='ocr_line' id='line_1_21' title="bbox 124 1989 808 2055; baseline -0.003 -16"><span class='ocrx_word' id='word_1_124' title='bbox 124 1989 239 2040; x_wconf 68' lang='lat' dir='ltr'><strong>Flumine</strong></span> <span class='ocrx_word' id='word_1_125' title='bbox 248 2007 328 2040; x_wconf 87' lang='lat' dir='ltr'><strong>amem</strong></span> <span class='ocrx_word' id='word_1_126' title='bbox 338 1991 460 2055; x_wconf 83' lang='lat' dir='ltr'><strong>silvaeque</strong></span> <span class='ocrx_word' id='word_1_127' title='bbox 472 1991 599 2055; x_wconf 82' lang='lat' dir='ltr'><strong>inglorius.</strong></span> <span class='ocrx_word' id='word_1_128' title='bbox 633 1991 664 2050; x_wconf 92' lang='grc' dir='ltr'><strong>Ο,</strong></span> <span class='ocrx_word' id='word_1_129' title='bbox 675 1991 718 2038; x_wconf 90' lang='lat' dir='ltr'><strong>ubi</strong></span> <span class='ocrx_word' id='word_1_130' title='bbox 728 1989 808 2053; x_wconf 74' lang='lat' dir='ltr'><strong>cempi</strong></span> 
     </span>
    </p>
   </div>
   <div class='ocr_carea' id='block_1_4' title="bbox 118 2068 810 2851">
    <p class='ocr_par' dir='ltr' id='par_1_7' title="bbox 122 2068 762 2374">
     <span class='ocr_line' id='line_1_22' title="bbox 125 2068 762 2136; baseline -0.003 -18"><span class='ocrx_word' id='word_1_131' title='bbox 125 2068 321 2134; x_wconf 79' lang='lat' dir='ltr'><strong>Spercheosque,</strong></span> <span class='ocrx_word' id='word_1_132' title='bbox 331 2077 357 2119; x_wconf 90' lang='lat' dir='ltr'><strong>et</strong></span> <span class='ocrx_word' id='word_1_133' title='bbox 367 2071 502 2136; x_wconf 79' lang='lat' dir='ltr'><strong>virginibus</strong></span> <span class='ocrx_word' id='word_1_134' title='bbox 512 2070 632 2118; x_wconf 82' lang='lat' dir='ltr'><strong>bacchate</strong></span> <span class='ocrx_word' id='word_1_135' title='bbox 643 2069 762 2118; x_wconf 75' lang='lat' dir='ltr'><strong>Ieeeenis</strong></span> 
     </span>
     <span class='ocr_line' id='line_1_23' title="bbox 124 2149 759 2218; baseline 0 -21"><span class='ocrx_word' id='word_1_136' title='bbox 124 2149 246 2216; x_wconf 81' lang='lat' dir='ltr'><strong>Taygeta,</strong></span> <span class='ocrx_word' id='word_1_137' title='bbox 262 2169 288 2218; x_wconf 78' lang='grc' dir='ltr'><strong>ο,</strong></span> <span class='ocrx_word' id='word_1_138' title='bbox 306 2152 350 2214; x_wconf 92' lang='lat' dir='ltr'><strong>qui</strong></span> <span class='ocrx_word' id='word_1_139' title='bbox 361 2166 399 2199; x_wconf 90' lang='lat' dir='ltr'><strong>me</strong></span> <span class='ocrx_word' id='word_1_140' title='bbox 410 2150 497 2215; x_wconf 83' lang='lat' dir='ltr'><strong>gelidis</strong></span> <span class='ocrx_word' id='word_1_141' title='bbox 508 2149 659 2198; x_wconf 84' lang='lat' dir='ltr'><strong>convallibus</strong></span> <span class='ocrx_word' id='word_1_142' title='bbox 670 2150 759 2198; x_wconf 84' lang='lat' dir='ltr'><strong>Haemi</strong></span> 
     </span>
     <span class='ocr_line' id='line_1_24' title="bbox 124 2228 731 2295; baseline 0 -17"><span class='ocrx_word' id='word_1_143' title='bbox 124 2228 209 2291; x_wconf 83' lang='lat' dir='ltr'><strong>Sistat,</strong></span> <span class='ocrx_word' id='word_1_144' title='bbox 219 2237 246 2279; x_wconf 91' lang='lat' dir='ltr'><strong>et</strong></span> <span class='ocrx_word' id='word_1_145' title='bbox 257 2232 353 2294; x_wconf 88' lang='lat' dir='ltr'><strong>ingenti</strong></span> <span class='ocrx_word' id='word_1_146' title='bbox 363 2245 487 2280; x_wconf 88' lang='lat' dir='ltr'><strong>ramorum</strong></span> <span class='ocrx_word' id='word_1_147' title='bbox 498 2237 614 2295; x_wconf 85' lang='lat' dir='ltr'><strong>protegat</strong></span> <span class='ocrx_word' id='word_1_148' title='bbox 624 2230 731 2279; x_wconf 85' lang='lat' dir='ltr'><strong>umbra?</strong></span> 
     </span>
     <span class='ocr_line' id='line_1_25' title="bbox 122 2309 707 2374; baseline 0 -16"><span class='ocrx_word' id='word_1_149' title='bbox 122 2309 202 2372; x_wconf 81' lang='lat' dir='ltr'><strong>Felix,</strong></span> <span class='ocrx_word' id='word_1_150' title='bbox 211 2311 256 2374; x_wconf 89' lang='lat' dir='ltr'><strong>qui</strong></span> <span class='ocrx_word' id='word_1_151' title='bbox 266 2311 348 2374; x_wconf 89' lang='lat' dir='ltr'><strong>potuit</strong></span> <span class='ocrx_word' id='word_1_152' title='bbox 358 2325 440 2359; x_wconf 86' lang='lat' dir='ltr'><strong>rerum</strong></span> <span class='ocrx_word' id='word_1_153' title='bbox 453 2326 598 2374; x_wconf 84' lang='lat' dir='ltr'><strong>cognoscere</strong></span> <span class='ocrx_word' id='word_1_154' title='bbox 609 2324 707 2368; x_wconf 84' lang='lat' dir='ltr'><strong>causas,</strong></span> 
     </span>
    </p>

    <p class='ocr_par' dir='ltr' id='par_1_8' title="bbox 122 2389 677 2453">
     <span class='ocr_line' id='line_1_26' title="bbox 122 2389 677 2453; baseline -0.002 -16"><span class='ocrx_word' id='word_1_155' title='bbox 122 2389 207 2453; x_wconf 82' lang='lat' dir='ltr'><strong>Atque</strong></span> <span class='ocrx_word' id='word_1_156' title='bbox 218 2395 299 2437; x_wconf 91' lang='lat' dir='ltr'><strong>metus</strong></span> <span class='ocrx_word' id='word_1_157' title='bbox 310 2390 388 2438; x_wconf 88' lang='lat' dir='ltr'><strong>omnis</strong></span> <span class='ocrx_word' id='word_1_158' title='bbox 399 2395 424 2438; x_wconf 88' lang='lat' dir='ltr'><strong>et</strong></span> <span class='ocrx_word' id='word_1_159' title='bbox 435 2389 586 2439; x_wconf 77' lang='lat' dir='ltr'><strong>inexorabile</strong></span> <span class='ocrx_word' id='word_1_160' title='bbox 597 2390 677 2439; x_wconf 79' lang='lat' dir='ltr'><strong>fetum</strong></span> 
     </span>
    </p>

    <p class='ocr_par' dir='ltr' id='par_1_9' title="bbox 118 2468 810 2851">
     <span class='ocr_line' id='line_1_27' title="bbox 123 2468 784 2534; baseline 0 -16"><span class='ocrx_word' id='word_1_161' title='bbox 123 2468 233 2519; x_wconf 81' lang='lat' dir='ltr'><strong>Subieeit</strong></span> <span class='ocrx_word' id='word_1_162' title='bbox 242 2469 346 2533; x_wconf 89' lang='lat' dir='ltr'><strong>pedibus</strong></span> <span class='ocrx_word' id='word_1_163' title='bbox 355 2470 533 2534; x_wconf 87' lang='lat' dir='ltr'><strong>strepitumque</strong></span> <span class='ocrx_word' id='word_1_164' title='bbox 543 2470 693 2519; x_wconf 82' lang='lat' dir='ltr'><strong>Acherontis</strong></span> <span class='ocrx_word' id='word_1_165' title='bbox 703 2471 784 2518; x_wconf 79' lang='lat' dir='ltr'><strong>everi!</strong></span> 
     </span>
     <span class='ocr_line' id='line_1_28' title="bbox 120 2548 697 2614; baseline 0 -18"><span class='ocrx_word' id='word_1_166' title='bbox 120 2548 274 2599; x_wconf 75' lang='lat' dir='ltr'><strong>Fortunatus</strong></span> <span class='ocrx_word' id='word_1_167' title='bbox 284 2555 310 2597; x_wconf 95' lang='lat' dir='ltr'><strong>et</strong></span> <span class='ocrx_word' id='word_1_168' title='bbox 321 2548 369 2605; x_wconf 84' lang='lat' dir='ltr'><strong>ille,</strong></span> <span class='ocrx_word' id='word_1_169' title='bbox 379 2549 437 2599; x_wconf 87' lang='lat' dir='ltr'><strong>deos</strong></span> <span class='ocrx_word' id='word_1_170' title='bbox 449 2550 492 2612; x_wconf 92' lang='lat' dir='ltr'><strong>qui</strong></span> <span class='ocrx_word' id='word_1_171' title='bbox 503 2550 573 2599; x_wconf 82' lang='lat' dir='ltr'><strong>novit</strong></span> <span class='ocrx_word' id='word_1_172' title='bbox 582 2549 697 2614; x_wconf 76' lang='lat' dir='ltr'><strong>agrestis,</strong></span> 
     </span>
     <span class='ocr_line' id='line_1_29' title="bbox 119 2627 810 2696; baseline -0.001 -20"><span class='ocrx_word' id='word_1_173' title='bbox 119 2627 239 2693; x_wconf 74' lang='lat' dir='ltr'><strong>Panaque</strong></span> <span class='ocrx_word' id='word_1_174' title='bbox 246 2628 422 2692; x_wconf 73' lang='lat' dir='ltr'><strong>Silvanumque</strong></span> <span class='ocrx_word' id='word_1_175' title='bbox 429 2643 511 2677; x_wconf 88' lang='lat' dir='ltr'><strong>senem</strong></span> <span class='ocrx_word' id='word_1_176' title='bbox 518 2628 697 2696; x_wconf 73' lang='lat' dir='ltr'><strong>Nymphasque</strong></span> <span class='ocrx_word' id='word_1_177' title='bbox 705 2641 810 2678; x_wconf 86' lang='lat' dir='ltr'><strong>sorores.</strong></span> 
     </span>
     <span class='ocr_line' id='line_1_30' title="bbox 118 2707 730 2773; baseline -0.008 -14"><span class='ocrx_word' id='word_1_178' title='bbox 118 2709 192 2759; x_wconf 79' lang='lat' dir='ltr'><strong>illum</strong></span> <span class='ocrx_word' id='word_1_179' title='bbox 203 2723 255 2758; x_wconf 89' lang='lat' dir='ltr'><strong>non</strong></span> <span class='ocrx_word' id='word_1_180' title='bbox 265 2707 351 2773; x_wconf 92' lang='lat' dir='ltr'><strong>populi</strong></span> <span class='ocrx_word' id='word_1_181' title='bbox 362 2707 448 2766; x_wconf 60' lang='lat' dir='ltr'><strong>fascem</strong></span> <span class='ocrx_word' id='word_1_182' title='bbox 460 2723 509 2756; x_wconf 87' lang='lat' dir='ltr'><strong>uon</strong></span> <span class='ocrx_word' id='word_1_183' title='bbox 520 2723 632 2773; x_wconf 80' lang='lat' dir='ltr'><strong>purpura</strong></span> <span class='ocrx_word' id='word_1_184' title='bbox 641 2722 730 2771; x_wconf 79' lang='lat' dir='ltr'><strong>regum</strong></span> 
     </span>
     <span class='ocr_line' id='line_1_31' title="bbox 118 2785 690 2851; baseline -0.009 -13"><span class='ocrx_word' id='word_1_185' title='bbox 118 2788 202 2838; x_wconf 74' lang='lat' dir='ltr'><strong>Flexit</strong></span> <span class='ocrx_word' id='word_1_186' title='bbox 213 2794 240 2838; x_wconf 87' lang='lat' dir='ltr'><strong>et</strong></span> <span class='ocrx_word' id='word_1_187' title='bbox 250 2786 341 2836; x_wconf 84' lang='lat' dir='ltr'><strong>infidos</strong></span> <span class='ocrx_word' id='word_1_188' title='bbox 352 2787 449 2851; x_wconf 81' lang='lat' dir='ltr'><strong>agitans</strong></span> <span class='ocrx_word' id='word_1_189' title='bbox 459 2785 582 2835; x_wconf 85' lang='lat' dir='ltr'><strong>discordia</strong></span> <span class='ocrx_word' id='word_1_190' title='bbox 591 2785 690 2848; x_wconf 82' lang='lat' dir='ltr'><strong>iratres,</strong></span> 
     </span>
    </p>
   </div>
   <div class='ocr_carea' id='block_1_5' title="bbox 0 0 1040 3542">
    <p class='ocr_par' dir='ltr' id='par_1_10' title="bbox 0 0 1040 3542">
     <span class='ocr_line' id='line_1_32' title="bbox 0 0 1040 3542; baseline 0 1"><span class='ocrx_word' id='word_1_191' title='bbox 0 0 1040 3542; x_wconf 95' lang='lat' dir='ltr'><strong> </strong></span> 
     </span>
    </p>
   </div>
  </div>
 </body>
</html>
