2054 3546
369 383 541 427 risurus.
766 401 795 441 n

107 472 135 523 is
145 489 189 524 uos
200 490 245 540 per
255 476 485 542 gantis‚aiiumaiia,
492 477 609 543 diepam,

106 551 160 613 Qui
170 555 237 604 iacta
247 555 383 612 hominum,
392 573 482 618 mora,
489 558 616 620 pietatem,
626 564 652 607 et
662 557 734 605 iidem

106 633 254 694 Nosoamus,
264 643 423 699 uimque
434 636 531 684 adiuvet
540 636 670 700 opulentia.

107 713 160 775 Qui
168 714 247 762 {abas
257 715 312 763 lites
323 714 391 780 salsis
402 715 546 764 testimoniis

107 794 208 854 Petunt,
220 795 313 857 quique
323 795 348 842 in
359 795 412 842 iure
423 795 536 844 abiurant
546 795 682 859 pecuniam,

107 873 201 920 Eorum
212 874 342 922 referimus
351 875 449 922 nomina
457 876 581 938 exsoripta
590 875 622 922 ad
633 875 722 923 lovem.

107 951 205 1001 Cotidie
216 952 258 1000 iile
268 953 316 1002 scit
326 955 381 1017 quie
391 954 431 1002 hio
441 960 544 1018 quaerat
553 953 651 1003 malum.

108 1031 160 1091 Qui
170 1031 210 1080 hio
220 1029 289 1080 litem
301 1033 402 1096 adipisci
413 1033 538 1097 postulant
548 1035 657 1097 periurio

108 1111 180 1174 Mali,
190 1127 231 1160 res
240 1111 316 1160 falsas
326 1113 369 1175 qui
378 1115 510 1176 impetrant
520 1113 585 1176 apud
594 1112 713 1176 iudioem3

109 1193 203 1240 lterum
215 1192 256 1240 iile
267 1208 321 1240 eam
333 1208 385 1241 rem
396 1193 527 1241 iudicatam
539 1192 646 1256 iudieat3

108 1272 205 1319 Maiore
216 1273 294 1320 multa
304 1271 400 1334 multat,
411 1288 484 1335 quam
495 1273 564 1320 litem
573 1271 695 1322 auserunt.

108 1349 191 1399 Bonos
201 1353 226 1398 in
237 1351 294 1399 aliis
304 1352 394 1400 tabuiis
404 1353 539 1415 exscriptos
549 1350 630 1400 habet.

109 1434 195 1494 Atque
205 1432 252 1479 hoo
263 1431 359 1480 seelesti
371 1432 396 1478 in
408 1433 517 1480 animum
528 1430 647 1478 inducunt
656 1445 735 1490 suum,

110 1509 192 1559 Iovem
205 1525 230 1559 se
241 1511 339 1575 placare
349 1527 420 1575 posse
431 1511 508 1572 donis,
519 1511 612 1560 hostiis.

109 1589 144 1638 Et
153 1605 252 1652 operam
263 1597 289 1639 et
303 1597 410 1638 sumtum
421 1589 542 1653 perdunts
558 1587 584 1636 id
595 1603 624 1637 eo
634 1589 671 1650 fit,
682 1597 740 1652 quia

110 1668 179 1717 Nihil
190 1671 213 1718 ei
224 1678 351 1733 acceptum
362 1677 400 1718 ost
410 1685 425 1720 a
435 1669 540 1732 periuris
550 1668 669 1732 supplicii.

109 1749 225 1812 Facilius,
236 1751 258 1798 si
269 1751 312 1814 qui
322 1750 377 1814 pius
387 1756 433 1810 est,
444 1749 507 1797 adis
517 1748 664 1812 supplicans,

109 1828 190 1887 Quam
201 1831 246 1893 qui
257 1829 393 1890 seelestust,
403 1829 509 1876 inveniet
518 1828 613 1876 veniam
624 1828 678 1879 sibi.

109 1907 204 1957 Idciroo
213 1923 302 1956 moneo
313 1923 355 1956 vos
365 1923 410 1972 ego
420 1908 490 1968 haee,
500 1908 543 1969 qui
553 1907 687 1967 emissori,

109 1988 208 2052 Quique
217 1995 326 2037 aetatem
336 1989 408 2051 agitis
418 2002 474 2034 oum
483 1988 575 2050 pietate
585 1993 609 2034 et
620 2001 676 2033 oum
686 1985 746 2038 fider

108 2066 223 2116 &tinetas
232 2081 318 2131 porro,
328 2073 384 2130 post
392 2065 483 2114 foetum
494 2073 522 2114 ut
529 2066 660 2114 laetemini

370 2463 535 2580 coion
