2070 3542
217 369 247 412 ss
362 360 592 405 ruruouourr
618 361 764 431 usurus..

216 454 314 504 Tollere
325 453 400 503 humo
410 455 537 516 victorque
548 455 628 503 virum
639 455 741 504 volitare
752 471 797 520 per
807 472 859 508 ora.

216 534 316 585 Primus
327 549 374 599 ego
385 534 410 581 in
422 535 529 597 patriam
539 535 721 592 mesum,mod0
732 537 783 585 vita
794 537 907 602 supersit,

216 613 301 664 Aonio
310 613 407 662 rediens
418 613 535 662 deducam
548 615 637 662 vertite
648 615 743 676 Musas,

217 694 316 744 Primus
327 693 456 742 Idumaeas
466 693 570 742 reseram
582 694 636 756 tibi,
647 694 761 756 Mantua,
771 695 877 760 palmas,

217 776 252 824 Et
262 774 335 823 viridi
346 775 372 822 in
381 787 468 836 eampo
477 773 596 836 templum
607 773 638 822 da
648 789 770 825 marmore
780 791 870 840 ponam

217 855 322 919 Propter
333 869 434 917 aquam,
447 853 524 902 tardis
535 855 622 918 ingens
632 854 675 902 ubi
685 854 792 904 flexibus
802 865 871 906 errat

218 935 325 982 Mincius
336 942 362 983 et
373 942 459 983 tenera
469 933 592 998 praetexit
598 935 731 984 harundine
739 932 815 997 ripas.

218 1015 249 1064 ln
260 1015 339 1064 medio
349 1015 409 1063 mihi
420 1015 512 1066 Caesar
523 1015 579 1071 erit,
590 1014 756 1078 templumque
768 1015 869 1066 tenebit.

219 1095 261 1144 Illi
271 1096 349 1144 victor
358 1110 405 1160 ego
415 1101 440 1144 et
451 1093 529 1158 Tyrio
539 1100 682 1157 conspiratus
693 1095 719 1141 in
729 1101 797 1142 ostro

218 1175 496 1239 Centum-quadriiugos
507 1173 606 1239 agitabo
617 1173 648 1221 ad
663 1172 765 1222 flumina
775 1189 873 1224 carrusa

220 1255 315 1304 Cuncta
325 1255 396 1316 mihi,
403 1255 527 1319 Alpheum
533 1254 646 1316 linquens
653 1253 769 1317 lucosque
778 1254 909 1316 Molorchi,

219 1335 339 1386 Cursibus
349 1343 375 1385 et
385 1334 461 1384 crudo
471 1334 586 1382 decernet
596 1331 703 1382 Graecia
713 1339 805 1382 caestu.

219 1417 285 1480 Ipse,
295 1422 370 1479 eaput
380 1422 465 1463 tonsae
475 1413 540 1462 foliis
551 1419 651 1462 ornatus
662 1413 747 1469 olivae,

218 1494 291 1542 Dona
302 1492 388 1541 ieram.
421 1490 475 1538 Iam
486 1504 551 1538 nune
561 1489 684 1538 sollemnis
694 1489 784 1538 ducere
796 1505 899 1556 pompas

218 1572 261 1620 Ad
272 1571 374 1619 delubra
384 1571 453 1618 iuvat
463 1584 596 1631 caesosque
607 1569 689 1617 videre
700 1570 822 1630 iuvencos,

219 1649 269 1698 Vel
279 1665 366 1698 scaena
376 1655 405 1696 ut
415 1651 491 1696 versis
501 1647 611 1696 discedat
621 1647 752 1706 frontibus,
764 1657 840 1714 utque

219 1729 349 1792 Purpurea
360 1728 446 1776 intexti
459 1726 547 1776 tollant
557 1727 644 1775 aulaea
657 1727 780 1778 Britanni.

219 1809 250 1858 In
261 1808 355 1857 foribus
365 1822 474 1872 pugnam
485 1822 518 1854 ex
528 1822 588 1855 auro
600 1807 725 1872 solidoque
736 1808 866 1873 elephanto

220 1887 390 1952 Gangaridum
402 1887 489 1936 faeiem
500 1887 649 1950 victorisque
659 1903 728 1936 arma
739 1888 848 1952 Quirini,

220 1971 305 2032 Atque
315 1967 355 2016 hie
366 1967 500 2016 undantem
511 1967 575 2016 bello
585 1982 750 2032 magnumque
761 1969 879 2020 fluentem

222 2048 305 2097 Nilum
315 2063 344 2096 ae
354 2046 435 2096 navali
446 2047 570 2111 surgentis
580 2061 637 2095 aere
647 2047 780 2097 columnas.

217 2128 319 2176 Addam
330 2127 404 2176 urbes
414 2127 491 2175 Asiae
503 2126 607 2174 domitas
617 2127 763 2191 pulsumque
773 2127 900 2192 Niphaten

219 2207 395 2269 Fidentsmque
406 2207 468 2271 fuga
477 2205 599 2254 Parthum
610 2208 734 2270 versisque
746 2209 852 2272 sagittis,

220 2287 254 2335 Et
263 2286 312 2334 duo
322 2292 394 2349 rapta
405 2301 480 2334 manu
490 2285 587 2334 diverso
597 2301 629 2336 ex
639 2286 709 2336 hoste
719 2294 821 2351 tropaea

221 2363 312 2430 Bisque
323 2365 487 2430 triumphatas
496 2370 603 2429 utroque
613 2365 645 2414 ab
656 2366 727 2416 litore
737 2368 825 2432 gentis.

773 2462 796 2496 v.
810 2451 868 2498 1-38

486 2606 648 2710 ᾧ

1019 2443 1023 2578 l
