2110 3540
406 395 560 442 omres.

451 638 533 675 cml.

376 743 453 798 Anne
464 745 590 798 Perenna.

165 870 188 949 1¹³
198 870 211 899 ’Τ
224 874 246 925 1⁴
254 879 419 931 ACTA'I'UR
428 882 534 932 tumidas
545 881 603 931 exul
614 881 748 936 Phoenissa
758 899 802 948 per

156 1020 159 1027 Ι
191 974 195 975 ’
216 1014 237 1029 s„
331 962 420 1023 undas,

213 1028 248 1055 Ὅ
269 1039 407 1105 Umidaque
417 1042 527 1106 opposita
538 1042 630 1090 lumina
640 1049 707 1092 veste
719 1045 790 1108 tegit.

135 1119 206 1169 Tunc
215 1123 321 1184 primunr
332 1122 398 1170 Dido
408 1121 468 1171 felix
478 1129 516 1170 est
525 1120 591 1170 dicta
601 1122 686 1178 sorori,

166 1199 200 1246 Et
211 1214 377 1264 quaecumque
387 1201 494 1264 aliquam
502 1215 603 1264 corpore
613 1201 702 1262 pressit
712 1199 821 1254 humum.

134 1277 233 1342 Figitur
242 1279 274 1328 ad
284 1279 395 1329 Laurens
406 1281 500 1345 ingenti
509 1279 607 1328 flamine
617 1279 675 1328 litus

166 1358 267 1422 Puppis,
277 1366 304 1407 et
312 1361 429 1422 expositis
440 1359 552 1408 omnibus
562 1359 651 1408 hausta
662 1359 732 1423 perit

134 1436 253 1500 lampius
263 1437 362 1487 Aeneas
372 1454 448 1503 regno
458 1445 566 1503 nataque
575 1438 659 1487 Latini

168 1517 264 1566 Auetus
274 1525 336 1576 erat,
347 1517 448 1583 populos
458 1520 637 1582 miscueratque
648 1519 716 1567 duos.

135 1595 220 1644 Litore
230 1596 305 1645 dotali
315 1597 365 1645 solo
375 1600 504 1648 comitatus
515 1599 613 1648 Achate

169 1675 293 1726 secretum
303 1677 369 1725 nudo
377 1677 435 1725 dum
445 1678 506 1742 pede
517 1680 597 1742 carpit
608 1679 664 1734 iter,

136 1753 234 1818 Aspicit
245 1763 375 1816 errantem,
384 1770 429 1806 nee
439 1757 537 1807 credere
548 1760 652 1808 sustinet
661 1757 762 1806 Annam

167 1835 235 1884 Esse.
270 1834 336 1893 Quid
345 1836 371 1884 in
381 1836 465 1886 Latios
477 1837 521 1886 illa
531 1839 624 1887 veniret
634 1853 707 1902 agros
717 1837 728 1884 l

135 1915 287 1964 Dumsecum
295 1912 402 1976 Aeneas,
412 1917 497 1965 ‘Anna
502 1924 540 1966 est
548 1919 554 1964 l
563 1917 570 1940 '
578 1917 700 1965 exclamet
707 1915 823 1964 Achates.

168 1993 211 2041 Ad
221 2009 309 2042 nomen
321 1993 402 2044 vultus
413 1996 513 2044 sustulit
523 1996 567 2044 illa
575 2011 639 2046 suos.

136 2071 192 2132 Quo
198 2071 295 2137 fugiat?
307 2074 365 2133 qnid
372 2075 446 2139 aget?
458 2090 519 2138 quos
526 2083 606 2124 ten-ee
613 2073 824 2140 quaerathictus?

167 2153 235 2200 Ante
247 2153 328 2203 oculos
337 2155 441 2202 miserae
452 2155 503 2204 fata
513 2157 603 2205 sororis
612 2163 691 2206 erent.

138 2226 228 2289 Sensit,
236 2238 262 2278 et
272 2231 412 2294 adloquitur
423 2232 545 2295 trepidam
556 2233 704 2297 Cythereius
715 2234 801 2283 heros:

117 2361 122 2372 ⁵
168 2307 223 2356 Flet
233 2316 314 2360 tamen
324 2310 451 2358 admonitu
462 2319 553 2374 motus,
563 2312 651 2372 Elissa,
662 2315 705 2362 tui.

136 2387 228 2446 ‘Anna
233 2404 276 2452 per
285 2389 348 2438 hene
356 2391 417 2448 iure,
425 2406 498 2455 qnam
505 2392 627 2455 qnondam
635 2392 719 2442 andire
726 2391 819 2441 solebas

169 2467 292 2516 Tellurem
302 2468 353 2516 leto
363 2471 514 2533 prosperiore
524 2470 585 2532 dari,

137 2545 234 2608 Perque
244 2546 301 2594 deos
311 2548 420 2608 comites,
431 2549 478 2596 hae
488 2564 567 2613 nuper
577 2549 632 2598 sede
644 2550 744 2609 locatos,

169 2623 246 2689 Saepe
257 2641 322 2678 meas
332 2627 386 2676 illos
397 2629 546 2692 increpuisse
554 2643 644 2678 moras.

136 2701 189 2752 Nec
199 2705 271 2752 timui
281 2704 311 2754 de
320 2713 398 2756 morte
408 2712 502 2757 tamen:
519 2714 599 2756 metus
610 2707 674 2756 afuit
684 2707 736 2756 iste.

169 2783 219 2834 Hei
228 2785 303 2836 mihi!
321 2789 431 2838 credibili
440 2789 530 2838 fortior
541 2789 584 2840 illa
593 2788 649 2840 fuit.
