2054 3546
202 400 234 441 40
349 380 579 424 annuoaocu
601 381 743 424 ninias.

203 472 274 521 Unde
285 473 353 537 prius
364 473 425 521 nulli
436 473 541 521 velarint
551 480 663 537 tempora
673 488 773 538 musae3

201 551 313 599 Primum
324 552 390 615 quod
401 553 496 616 magnis
508 552 582 601 doceo
593 553 624 600 de
634 552 708 601 rebus
717 559 743 601 et
754 553 817 602 artis

202 631 358 696 Religionum
369 633 478 680 animum
489 632 560 681 nodis
571 632 697 680 exsolvere
707 647 792 697 pergo,

201 711 298 760 Deinde
309 712 374 775 quod
385 712 489 761 obscura
499 713 530 760 de
540 728 567 760 re
578 719 629 760 tam
639 711 720 760 lucida
730 727 812 777 pango

202 791 328 850 Carmina,
339 807 438 840 musaeo
448 793 592 857 contingens
601 799 689 840 cuncta
699 792 791 856 lepore.

202 872 232 920 Id
242 887 340 936 quoque
350 873 416 920 enim
427 887 477 920 non
488 872 519 920 ab
530 871 599 919 nulla
610 873 705 920 ratione
717 871 828 936 videtur3

201 951 226 1000 N
229 967 268 999 am
280 951 357 1000 veluti
367 952 450 1016 pueris
461 951 586 1000 absinthia
596 959 676 1000 taetra
684 951 807 1000 medentes

201 1031 265 1080 Cum
275 1032 334 1080 dare
345 1038 474 1092 conantur,
486 1033 555 1095 prius
566 1046 622 1079 oras
632 1029 720 1094 pocula
730 1031 823 1079 circum

201 1111 354 1176 Contingunt
368 1111 446 1159 mellis
457 1110 524 1159 dulci
533 1110 646 1173 flavoque
656 1109 765 1174 liquore‚'
810 1145 814 1160 .

136 1223 139 1229 ·
202 1189 238 1239 Ut
247 1206 378 1255 puerorum
389 1197 458 1238 aetas
470 1190 598 1254 inprovida
608 1189 748 1238 ludificetur

200 1269 337 1332 ¹Labienum
348 1278 428 1332 tenus,
439 1272 535 1319 interea
544 1276 658 1334 perpotet
668 1284 783 1317 amarum

200 1351 321 1400 Absinthi
331 1351 428 1400 laticem
440 1350 589 1414 deceptaque
600 1364 650 1396 non
660 1349 781 1412 capiatur,

201 1429 249 1479 Sed
260 1431 341 1494 potius
352 1429 396 1478 tali
407 1437 480 1493 pacto
491 1435 601 1476 recreata
612 1428 727 1489 valescat,

201 1507 241 1557 Sic
248 1524 294 1574 ego
302 1509 498 1571 nuno,qucniam
505 1507 566 1556 haec
573 1507 637 1556 ratio
646 1508 789 1572 plerumque
796 1508 896 1558 videtur

199 1587 306 1636 Tristior
316 1603 369 1635 esse
380 1586 470 1651 quibus
481 1595 578 1637 nonest
589 1594 704 1645 tractata,
714 1595 833 1652 retroque

200 1667 298 1732 Volgus
308 1667 427 1716 abhorret
437 1667 468 1715 ab
479 1667 535 1729 hac,
546 1667 612 1716 volui
623 1668 669 1716 tibi
681 1667 864 1732 suaviloquenti

199 1745 312 1796 Carmine
324 1745 406 1796 Pierio
417 1749 536 1796 rationem
546 1764 668 1812 exponere
678 1749 787 1797 nostram

198 1827 233 1875 Et
243 1827 315 1890 quasi
324 1842 423 1876 musaeo
434 1827 498 1875 dulci
509 1827 651 1892 contingere
662 1828 741 1884 melle,

199 1907 226 1955 si
237 1907 282 1956 tibi
293 1907 355 1955 forte
366 1909 475 1956 animum
486 1907 529 1956 tali
540 1909 634 1956 ratione
645 1914 729 1956 tenere

198 1986 320 2035 Versibus
332 1989 357 2035 in
367 1989 459 2036 nostris
468 2003 571 2052 possem¹
583 1987 641 2035 dum
652 1988 758 2053 percipis
768 2003 867 2036 omnem

198 2065 319 2115 Naturam
330 2083 413 2116 rerum
424 2083 453 2116 ac
463 2067 583 2132 persentis
594 2067 734 2117 utilitatem.

793 2163 816 2196 v.
831 2152 894 2197 las.

493 2297 590 2333 xxxln.

483 2397 608 2458 Claudat

206 2534 213 2550 ⁴
226 2526 288 2623 (351
327 2544 374 2592 ΕΙ)
384 2559 415 2592 ne
425 2545 488 2594 ferte
498 2554 569 2609 putee
580 2545 716 2594 cadomum
727 2545 779 2594 sola
789 2550 884 2612 vagari,

229 2650 248 2659 N
259 2622 261 2625 v
271 2620 316 2700 ὅ».
342 2623 516 2688 Quaecumque
527 2626 558 2674 ab
570 2626 645 2676 rebus
656 2641 740 2674 rerum
751 2625 883 2676 simulacra

291 2698 295 2713 ⁴
420 2703 548 2761 recedunt,

201 2782 265 2832 Sunt
275 2784 350 2833 etiam
360 2797 424 2848 quae
434 2789 519 2847 sponte
530 2797 575 2838 sua
585 2785 722 2849 gignuntur
733 2790 759 2834 et
770 2785 824 2848 ipsa
