2098 3546
364 356 602 408 enuntiarunt.
776 379 822 424 333

445 593 519 630 COLX.

387 715 483 786 Cyprii
495 717 570 768 horti

304 855 360 910 Tte
377 856 501 909 Gardena
514 857 549 925 of
563 856 654 910 Venae.

93 1153 96 1160 ยน
133 1100 204 1181 sylla*
268 1135 352 1183 Inviue
369 1135 475 1182 humano
491 1148 595 1198 gressu5
622 1130 791 1195 Phariumque

224 1214 303 1263 eubsse

128 1293 240 1356 Proteos,
248 1303 274 1345 et
285 1301 377 1359 septem
389 1293 513 1358 despectat
523 1308 615 1342 cornua
626 1286 688 1342 Nili.

130 1371 202 1418 Hune
212 1386 291 1435 neque
301 1379 417 1419 canentes
429 1369 520 1418 audent
532 1370 621 1418 vestire
631 1370 752 1433 pruinae,

128 1451 203 1500 Hune
212 1452 278 1500 venti
288 1452 385 1515 pulsare
396 1451 491 1512 timent,
502 1449 568 1498 hune
578 1449 674 1498 laedere
684 1449 769 1499 nimbi.

129 1531 254 1580 Luxuriae
264 1530 407 1594 Venerique
417 1537 495 1579 vacat.
530 1529 593 1578 Para
605 1531 684 1579 acrior
695 1530 754 1579 anni

129 1609 248 1660 Exsulat:
266 1612 359 1659 aeterni
370 1617 438 1674 patet
448 1610 600 1675 indulgentia
608 1612 678 1660 veris.

128 1690 159 1738 In
169 1706 281 1754 eampum
293 1706 318 1738 se
328 1691 409 1739 fundit
419 1707 496 1754 apex:
513 1691 578 1739 hune
589 1707 663 1741 aurea
674 1706 744 1756 sepes

129 1768 232 1831 Circuit,
243 1779 268 1818 et
278 1771 345 1818 fulvo
356 1770 464 1818 defendit
474 1777 546 1834 prata
556 1771 661 1820 metallo.

128 1850 258 1912 Mulciber,
270 1860 298 1901 ut
308 1851 446 1914 perhibent,
455 1849 494 1898 his
504 1851 586 1898 oscula
596 1853 706 1914 coniugis
718 1855 777 1902 emit

128 1925 268 1988 Moenibus,
279 1937 304 1976 et
315 1927 376 1976 tales
387 1928 488 1976 uxorius
499 1927 588 1974 obtulit
598 1941 672 1974 areat.

128 2005 200 2054 Intus
209 2022 269 2054 rura
279 2009 378 2067 micant,
389 2009 502 2057 manibus
513 2024 576 2071 quae
587 2006 686 2057 subdita
696 2006 770 2058 nullis

128 2085 278 2148 Perpetuum
288 2087 385 2149 florent,
396 2087 510 2152 Zephyro
521 2096 635 2137 contenta
645 2089 745 2154 colon03

129 2163 327 2228 Umbroeumque
338 2183 432 2222 nemus,
443 2183 492 2231 quo
502 2183 550 2217 non
563 2168 702 2216 admittitur
711 2169 769 2226 ales,

129 2244 164 2292 Ni
173 2245 261 2309 probet
271 2253 327 2294 ante
338 2262 394 2296 tuos
410 2245 470 2296 diva
479 2249 525 2297 sub
533 2248 612 2297 iudice
620 2256 714 2299 cantus.

129 2323 200 2384 Quae
210 2326 310 2390 placuit,
320 2327 412 2376 fruitur
420 2330 509 2393 ramis3
527 2345 590 2392 quae
601 2331 673 2386 vieta,
684 2330 783 2379 reeedit.
809 2333 811 2338 '

129 2403 225 2454 Vivunt
235 2406 261 2453 in
272 2406 394 2454 Venerem
403 2407 512 2474 frondes,
533 2410 659 2472 omnisque
670 2410 775 2458 vicissim

128 2483 201 2534 Felix
212 2485 285 2534 arbor
295 2493 375 2550 amat,
391 2493 480 2534 nutant
489 2491 520 2535 ad
529 2496 617 2537 mutua
627 2489 722 2553 palmae

128 2562 251 2614 Foedera:
270 2565 375 2628 populeo
385 2567 493 2629 suspirat
503 2567 606 2631 populus
618 2570 683 2633 ietu3

117 2643 162 2692 'Et
173 2644 271 2708 platano
277 2645 503 2708 platanus,aln0que
514 2647 622 2696 assibilat
633 2649 710 2698 alnus,
750 2653 752 2656 '

127 2724 257 2774 Labuntur
266 2726 357 2789 gemini
367 2727 459 2776 fontes:
476 2727 517 2776 hie
528 2726 614 2788 duleis,
624 2743 722 2778 amarus

129 2805 210 2866 Alter,
221 2811 247 2853 et
254 2805 342 2854 infusis
353 2813 511 2872 eorrumpunt
529 2803 603 2855 mella
611 2793 722 2867 renem,
