2070 3542
391 395 581 442 nonninus.
786 417 827 463 ψ

139 487 192 538 Nos
203 496 287 539 menet
298 489 408 539 Oceanus
420 493 605 557 circumvagos:
623 507 691 554 arva,
702 493 775 542 beata

170 569 289 620 Petamus
301 586 368 632 arva,
380 571 467 621 divites
478 579 503 621 et
513 572 615 634 insulas,

138 651 232 700 Reddit
241 652 284 701 ubi
295 651 410 702 Cererem
420 652 495 701 tellus
505 653 601 703 inarata
612 655 742 718 quotannis

169 731 203 780 Et
214 733 335 796 imputata
344 732 416 782 floret
426 748 504 797 usque
515 735 595 790 vinea,

138 811 270 861 Germinat
281 821 307 862 et
316 828 451 876 numqusm
461 813 568 862 mllentis
580 821 669 862 termes
676 813 763 875 olivae,

172 891 296 957 Suamque
308 893 375 957 pulla
385 893 446 942 ficus
457 902 529 942 ornat
539 894 661 955 arborem,

136 971 214 1021 Mella
224 989 285 1022 cava
294 980 396 1023 manant
405 989 438 1022 ex
449 974 512 1036 ilios,
524 974 648 1023 montibus
657 974 713 1022 altis

168 1051 242 1101 Ievis
254 1061 370 1117 crepante
381 1053 483 1118 lympha
493 1054 576 1102 desilit
585 1053 656 1118 pede.

135 1132 191 1182 Illic
203 1135 310 1182 iniussae
320 1135 422 1182 veniunt
432 1133 464 1182 ed
474 1134 581 1182 mulctra
591 1132 707 1197 capellae,

170 1213 305 1277 Refertque
316 1221 387 1262 tenta
397 1229 461 1278 grex
471 1215 564 1262 amicus
575 1214 669 1276 ubera3

136 1292 189 1342 Nec
200 1294 355 1358 vespertinus
366 1294 535 1359 circumgemit
546 1308 619 1341 ursus
630 1292 702 1350 ovile,

169 1373 258 1438 Neque
268 1375 408 1423 intumescit
418 1373 469 1422 nite
481 1373 570 1437 viperis
581 1373 677 1421 humus.

135 1452 262 1517 Pluraque
273 1453 357 1502 felices
367 1454 522 1514 mirabimur,
534 1460 562 1502 ut
572 1467 652 1516 neque
662 1453 739 1518 largis

168 1533 287 1598 Aquosus
298 1548 372 1582 eurus
383 1549 443 1581 orvs
453 1533 525 1582 sedat
536 1533 664 1594 imbribus,

136 1613 243 1678 Pinguia
253 1629 298 1662 nec
309 1614 380 1662 siccis
390 1619 495 1662 urantur
506 1614 600 1678 semina
609 1613 711 1676 glaebis,

168 1692 310 1756 Utrumque
319 1708 379 1756 rege
390 1699 542 1756 temperante
552 1692 675 1743 caelitum.

137 1773 194 1822 Non
204 1773 254 1822 huc
264 1773 351 1837 Argoo
361 1772 489 1822 contendit
499 1773 591 1837 remige
602 1775 684 1837 pinus,

167 1852 255 1918 Neque
266 1853 390 1916 impudica
400 1852 499 1901 Colchis
509 1853 594 1903 intulit
603 1854 689 1918 pedem
698 1873 706 1918 ς

137 1933 192 1983 Non
202 1934 252 1982 buc
264 1932 358 1982 Sidonii
368 1941 494 1982 torserunt
503 1950 596 1983 cornua
606 1941 705 1996 nautae,

167 2013 302 2063 Leboriosa
312 2029 357 2064 nee
368 2014 456 2063 cohors
466 2014 559 2064 Ulixei

137 2091 211 2142 Nulla
220 2100 309 2142 nocent
319 2093 401 2157 pecori
411 2094 534 2158 contagia,
545 2094 635 2142 nullius
646 2096 706 2144 astri

167 2172 277 2237 Gregem
288 2180 402 2222 aestuosa
412 2180 491 2222 torret
501 2175 652 2238 imwtentia

135 2252 247 2317 Iuppiter
257 2252 302 2302 illa
311 2253 366 2316 piae
377 2255 481 2302 secrevit
491 2252 566 2303 litora
575 2256 652 2318 genti,

167 2333 203 2382 Ut
214 2335 353 2397 inquinavit
362 2349 419 2383 aere
430 2341 526 2398 tempus
535 2350 652 2398 aureum3

134 2415 211 2476 Aere,
222 2414 311 2462 dehine
321 2413 388 2463 ferro
398 2413 496 2463 duravit
506 2415 597 2475 secula,
607 2430 711 2478 quorum

165 2492 218 2543 Piis
229 2493 338 2543 secunda
349 2501 406 2544 vate
417 2494 541 2544 medetur
553 2494 618 2559 iuge

431 2731 535 2829 <ese
