2110 3540
413 387 512 430 OVIDI
518 386 567 430 Ut.
784 400 829 446 233

146 481 199 529 Hoe
209 494 255 544 ego
266 477 399 543 Pegasidas
411 478 501 526 deduxi
511 479 605 541 primus
616 475 647 525 ad
657 474 742 534 undas,

177 557 216 607 Ne
226 559 288 607 mele
299 557 415 607 feoundae
427 574 488 606 vena
498 559 590 622 periret
600 571 687 619 aquae.

144 639 242 688 Primus
251 640 277 687 id
287 639 372 702 aspexi
383 639 473 687 teneris
483 640 509 686 in
519 637 622 703 virginis
632 636 712 696 annis,

176 718 260 782 thue
270 725 341 782 puter
350 725 422 766 natae
433 718 531 780 duxque
541 731 669 779 comesque
679 715 722 764 lui.

144 798 212 862 Ergo
223 798 244 846 si
253 802 380 845 remanent
391 796 459 860 ignes
470 796 516 844 tibi
525 795 630 858 pectoris
639 793 712 850 idem,

177 876 234 926 Sola
244 884 315 924 tuum
324 881 392 923 vates
403 875 492 923 Lesbia
502 876 582 923 vinoet
593 888 661 938 opus.

144 957 194 1006 Sed
205 971 296 1013 vereor,
306 971 337 1002 ne
348 961 373 1002 te
381 969 435 1002 mea
446 969 509 1002 nnnc
520 954 618 1002 fortune
629 951 743 1010 retardet,

176 1035 284 1099 Postque
294 1049 360 1083 meos
371 1049 441 1082 ossus
453 1035 485 1081 sit
497 1033 543 1082 tibi
552 1039 636 1096 pectus
647 1032 720 1080 iners.

143 1115 211 1164 Dum
220 1114 297 1171 licuit,
308 1121 352 1162 tua
363 1129 434 1177 saepe
445 1112 514 1173 mihi,
524 1111 569 1159 tibi
580 1119 666 1160 nostra
675 1110 802 1176 legebsmz

176 1193 253 1258 Saepe
264 1195 301 1242 tui
311 1194 394 1246 index,
406 1208 477 1256 saepe
488 1193 605 1256 magister
613 1205 695 1238 eram=

144 1274 200 1322 Ant
207 1289 253 1338 ego
263 1273 411 1339 praebebam
422 1272 494 1320 fectis
504 1271 575 1318 modo
585 1270 695 1318 versibus
705 1284 783 1326 aures,

175 1353 236 1410 Aut,
247 1354 289 1402 ubi
299 1367 414 1411 essseras,
425 1365 499 1399 causa
507 1349 604 1398 ruboris
613 1364 688 1397 eram.

142 1432 257 1481 Forsitan
267 1432 387 1496 exemplo,
397 1431 456 1493 quia
466 1445 505 1477 me
516 1428 608 1478 laesere
620 1427 703 1485 libelli,

176 1511 216 1558 Tu
225 1525 321 1575 quoque
332 1512 365 1559 sis
375 1524 467 1573 poenae
475 1507 540 1557 facta
547 1509 619 1556 ruina
628 1521 704 1554 mene.

143 1588 218 1647 Pone,
225 1588 323 1647 Perille,
331 1596 431 1637 metum.
454 1586 634 1636 Tantummodo
644 1586 735 1634 femina
742 1583 830 1634 nonsit

176 1671 262 1730 Deris,
268 1684 313 1718 neo
322 1669 419 1732 seriptis
429 1667 507 1716 disent
517 1681 599 1715 amere
607 1667 664 1716 tuis.

143 1750 211 1813 Ergo
221 1748 328 1798 desidias
338 1763 442 1807 remove,
455 1747 602 1806 doctissima,
614 1761 708 1804 causas,

174 1828 253 1891 Inque
264 1826 339 1875 bonas
350 1833 416 1874 artes
426 1834 452 1874 et
462 1832 506 1874 tua
515 1841 585 1874 saera
595 1825 656 1874 redi.

143 1906 197 1955 Ista
207 1907 294 1955 decens
304 1906 378 1956 laoies
388 1906 469 1969 longis
476 1906 603 1955 vitiabitur
614 1906 692 1961 annis,

176 1985 297 2051 Rugequs
307 1987 333 2034 in
344 1986 446 2049 antiqua
456 1986 535 2034 fronte
546 1985 627 2034 senilis
637 1985 684 2033 erit
694 2003 700 2034 ε

143 2065 278 2129 Inieietqne
288 2081 387 2114 manum
399 2064 492 2114 formes
502 2065 617 2112 damnosa
627 2071 744 2120 senectus,
806 2123 809 2132 ,

176 2143 245 2203 Quae
256 2146 383 2210 strepitum
391 2160 464 2209 passu
474 2161 523 2193 non
533 2144 636 2194 faciente
643 2143 718 2191 venit.

143 2223 254 2290 Cumque
265 2224 352 2288 eliquis
362 2224 427 2274 diost
437 2224 511 2272 ‘Fuit
521 2226 581 2272 haee
590 2223 711 2283 formoss,'
720 2222 820 2282 dolebis,

175 2303 208 2353 Et
219 2304 344 2368 speculum
354 2303 460 2354 mendax
470 2319 523 2352 esse
533 2319 634 2367 querere
644 2311 722 2352 tuum.

144 2381 208 2431 Sunt
217 2383 262 2432 tibi
269 2399 327 2448 opes
337 2384 453 2444 modicae,
461 2399 516 2432 cum
528 2385 561 2434 sis
569 2382 826 2448 dignissimsmegnis:

174 2463 252 2528 Finge
262 2463 305 2512 sed
314 2465 429 2514 inmensis
438 2464 550 2514 censibus
561 2479 611 2512 esse
621 2478 702 2527 pares,

143 2542 238 2606 Nempe
248 2543 292 2592 dat
301 2543 326 2591 id
336 2545 478 2605 cuicumque
490 2543 549 2590 libet
559 2542 658 2590 fortuna
667 2542 790 2605 rapitque,

175 2620 232 2670 Irus
242 2631 267 2670 et
277 2630 314 2672 est
324 2622 413 2682 subito,
423 2623 466 2685 qni
476 2621 547 2670 modo
558 2619 662 2670 Croesus
671 2627 732 2670 erat.

144 2701 248 2766 Singula
259 2702 318 2766 qnid
328 2701 453 2751 referam?
470 2700 505 2748 nil
514 2715 564 2748 non
574 2699 675 2748 mortale
687 2707 797 2748 tenemus

174 2781 283 2832 Pectoris
294 2783 402 2847 exeeptis
412 2782 551 2848 ingeniique
563 2781 639 2832 bonis.
