2070 3542
366 382 569 426 VEBGILIUS.
768 397 810 446 ηε

112 473 226 540 Stuppea
238 473 337 523 flamma
347 490 422 524 mann
434 475 539 539 telisque
550 475 649 525 volatile
660 476 752 524 ferrum

113 556 258 622 Spargitur,
283 571 344 604 arva
354 571 418 604 nova
429 555 556 620 Neptunia
567 556 641 605 caede
651 556 791 606 rubescunt.

112 638 213 702 Regina
223 637 248 684 in
259 636 346 684 mediis
357 637 439 701 patrio
449 644 520 684 vocat
531 638 631 701 agmina
642 637 718 685 sistro

112 717 225 766 Needum
236 718 312 766 etiam
323 717 433 782 geminos
445 731 460 764 a
471 723 542 782 tergo
553 717 653 780 respicit
663 716 759 781 anguis.

113 798 330 862 omnigenumque
340 796 413 844 deum
423 804 534 869 rponstra
545 803 570 845 et
579 795 684 845 latrator
695 796 794 846 Anubis

113 877 208 927 Contra
215 877 361 940 Neptunum
367 885 392 924 et
399 877 523 924 Venerem
530 882 665 939 contraque
674 875 810 924 Minervam

114 957 175 1007 Tela
185 965 277 1006 tenent
313 956 396 1006 Saevit
407 957 488 1006 medio
498 959 525 1005 in
534 957 667 1005 oertamine
678 956 779 1005 Mavors

114 1038 230 1089 Caelatus
240 1038 307 1085 ferro
327 1038 459 1100 tristesque
469 1053 501 1085 ex
513 1037 612 1086 aethere
622 1036 714 1101 Dirae;

113 1119 147 1167 Et
156 1119 233 1167 scissa
243 1117 355 1182 gaudens
366 1118 434 1166 vadit
444 1117 575 1166 Discordia
584 1116 658 1180 palla,

115 1199 196 1259 Quam
206 1215 264 1248 oum
276 1200 411 1264 sanguineo
422 1200 534 1261 sequitur
544 1197 647 1245 Bellona
657 1195 761 1260 flagello.

114 1284 204 1332 Aetius
215 1281 277 1330 haee
288 1297 391 1330 cernens
402 1297 486 1330 areum
497 1280 641 1329 intendebat
652 1279 745 1343 Apollo

114 1363 242 1428 Desuper:
260 1363 341 1410 omnis
351 1377 381 1410 eo
393 1369 487 1411 terrore
501 1362 634 1426 Aegyptus
645 1367 671 1409 et
681 1360 746 1422 Indi,

114 1447 200 1497 Omnis
211 1447 308 1507 Arabs,
319 1461 403 1494 omues
414 1445 543 1494 vertebant
554 1451 626 1510 terga
639 1443 736 1493 Sabaei.

114 1528 172 1592 Ipsa
182 1526 315 1575 ridebatur
325 1527 404 1574 ventis
416 1527 502 1590 regina
513 1525 605 1574 voeatis

114 1607 178 1657 Vela
189 1609 249 1657 dare
269 1615 295 1656 et
305 1606 376 1656 laxos
387 1608 436 1656 iam
447 1608 545 1670 iamque
557 1606 679 1654 inmittere
691 1606 763 1655 funis

114 1687 185 1736 Illam
197 1688 262 1736 inter
273 1687 361 1736 caedes
371 1686 503 1751 pallentem
513 1693 592 1734 morte
603 1684 688 1734 futura

114 1763 217 1814 Fenerat
228 1765 375 1829 Ignipotens
385 1763 458 1812 undis
468 1771 494 1812 et
504 1763 599 1826 Iapyge
610 1763 677 1822 ferri,

113 1841 207 1891 Contra
217 1851 302 1890 autem
312 1856 402 1905 magno
412 1847 562 1889 maerentem
571 1854 672 1903 eorpore
683 1839 708 1886 N
709 1839 778 1902 dnm,

112 1917 315 1979 Pandentemqne
326 1919 394 1966 sinus
404 1924 430 1966 et
442 1923 495 1965 tota
505 1924 571 1965 veste
582 1923 709 1965 vocantem

113 1993 259 2044 Caeruleum
270 1995 296 2042 in
305 1994 427 2059 gremium
435 1992 607 2056 latebrosaque
615 1991 717 2040 flumina
725 1993 810 2043 rietes.

628 2083 651 2118 r.
665 2071 777 2120 biblia.

417 2232 499 2268 xerrr.

310 2332 451 2386 Aeneidos.
492 2331 553 2384 Lib.
566 2331 606 2385 ix.

350 2451 377 2505 A
391 2453 476 2506 Noble
489 2454 564 2506 Par'r.

124 2646 163 2719 ς’
169 2692 181 2717 ζ
188 2662 220 2711 1!
258 2647 417 2714 Hyrtacides,
428 2649 541 2696 comitem
551 2647 652 2695 Aeneae
663 2660 735 2708 quem
745 2645 815 2693 mise·

120 2717 137 2777 Ῐ.
193 2718 222 2761 ¹3
323 2724 419 2772 ratlda

111 2806 238 2858 venatrix
259 2805 339 2854 iaculo
349 2803 454 2852 celerem
466 2801 610 2866 levibusque
621 2799 718 2865 sagittis
722 2815 732 2862 ς
