2070 3542
346 383 545 428 muamus
762 403 794 449 93

95 474 200 525 Amisso
211 490 304 540 rupere
315 475 397 538 fidem,
407 484 595 538 constructaque
603 475 676 524 melle

95 555 235 620 Diripuere
248 558 316 621 ipsae
327 564 352 605 et
360 559 434 606 cretis
443 557 535 606 solvere
543 557 662 606 sevorum.

95 635 141 684 Ille
153 652 258 700 operum
270 644 361 698 custos,
373 637 441 685 illum
453 637 615 696 admirentur,
626 643 652 685 et
661 652 744 686 omnes

95 715 266 766 circumstant
277 716 378 764 fremitu
386 717 461 764 denso
472 719 612 780 stipantque
621 716 769 782 frequentes,

95 793 129 842 uc
139 810 217 859 saepe
227 795 345 844 attollunt
372 799 471 858 umeris,
482 804 507 844 et
517 812 620 860 corpora
630 797 694 846 bello

95 874 231 924 obiectant
240 875 417 938 pulchramque
423 883 509 939 petunt
515 891 559 939 per
568 876 669 924 volucre
679 884 789 927 mortem.

127 954 177 1002 His
188 955 290 1018 quidam
302 956 377 1019 signis
387 962 461 1019 utque
472 955 532 1004 haec
543 957 656 1020 exemplu
665 958 743 1006 secuti

96 1031 156 1081 Esse
166 1035 258 1097 apibus
266 1042 362 1097 partem
371 1034 467 1082 divinae
478 1037 566 1084 ruentis
577 1042 602 1084 et
613 1035 716 1085 haustus

96 1113 234 1162 Aetherios
244 1113 330 1161 dixere
339 1133 347 1177 3
362 1114 435 1162 deum
447 1129 553 1178 nemque
563 1117 600 1163 irc
610 1130 655 1178 per
665 1117 743 1164 omnis

96 1194 240 1256 Terrusque
247 1200 390 1256 tractusque
398 1195 472 1242 maris
480 1195 623 1258 caelumque
627 1194 773 1259 profundum
781 1215 788 1259 3

96 1269 161 1318 Hinc
171 1269 291 1334 pecudes,
299 1277 418 1330 armenta,
426 1271 500 1330 viros,
507 1285 585 1334 genus
593 1285 664 1318 omne
673 1270 790 1331 ferarum,

97 1349 228 1412 Quemque
239 1349 286 1396 sibi
297 1350 378 1397 tenuis
388 1357 528 1398 nascentem
539 1364 661 1398 arcessere
673 1351 750 1413 vitus3

97 1428 197 1477 Scilicet
209 1427 258 1476 huc
268 1428 338 1477 reddi
348 1428 434 1477 deinde
445 1445 473 1477 ec
484 1429 592 1478 resoluta
601 1430 688 1478 referri

98 1509 197 1570 Omnis,
208 1523 254 1556 uec
262 1509 338 1558 morti
345 1524 398 1557 esse
409 1509 496 1567 locum,
507 1509 548 1557 sed
559 1510 615 1558 vivs
625 1509 707 1558 volere

97 1585 192 1636 Sideris
204 1587 230 1634 in
240 1602 370 1635 numerum
381 1595 455 1650 atque
467 1587 517 1636 altu
529 1587 658 1636 succedere
668 1587 742 1636 caelo.

611 1683 633 1715 v.
646 1669 757 1717 ulo-227.

394 1777 497 1814 Lxxvu.

311 1871 572 1939 neutricum

100 2224 197 2273 Luctus
208 2221 329 2280 Aristaei,
339 2220 472 2282 vitreisque
483 2219 600 2268 sedilibus
609 2233 693 2268 omues

104 2303 271 2366 Obstipuere3
289 2298 332 2347 scd
342 2304 398 2346 ente
409 2299 471 2346 elias
481 2299 607 2346 Arethusa
618 2313 714 2347 sorores

105 2383 264 2446 Prospiciens
274 2393 370 2427 summe
380 2377 470 2425 flavum
480 2385 554 2442 ceput
563 2377 653 2425 extulit
661 2377 737 2438 uuds,

100 2463 135 2512 Et
144 2461 246 2527 procul:
264 2462 285 2508 0
296 2459 389 2522 gemitu
399 2473 448 2505 non
457 2456 550 2505 frustra
558 2456 678 2506 exterrita
687 2461 764 2515 tento,

102 2543 202 2609 Cyrene
214 2554 295 2600 soror,
307 2539 360 2602 ipse
371 2537 425 2598 tibi,
437 2544 481 2584 tua
490 2551 606 2584 maxume
616 2549 684 2596 curs,

102 2623 194 2672 Tristis
205 2620 338 2669 Aristaeus
346 2616 422 2664 Penei
432 2617 550 2680 genitoris
560 2615 591 2663 sd
599 2613 692 2662 undem

104 2701 160 2751 Stet
167 2702 312 2759 lacrimans,
322 2703 348 2744 et
359 2704 384 2745 te
393 2696 515 2744 crudelem
526 2695 624 2744 nomine
633 2693 701 2742 dicit.

103 2783 169 2832 Huic
180 2793 301 2845 percusse
311 2792 374 2825 ucvu
384 2783 489 2824 mentem
500 2769 631 2821 l'crmrdiue
642 2773 729 2824 muter,
