2110 3540
229 407 274 452 ῳ
371 388 601 432 ΑΝΤΗοιοοιΑ
622 389 764 431 narrar.

228 484 300 532 Dona
310 482 407 542 ducum,
417 499 462 532 nec
472 484 521 531 iam
530 483 617 531 validis
627 483 750 532 radicibus
760 481 874 538 haerens,

228 562 340 612 Pondere
350 563 402 611 fixa
412 579 457 612 suo
468 570 522 627 est3
540 563 666 625 nudosque
677 577 721 625 per
732 565 793 610 aera
802 576 884 610 mmor

228 641 372 701 affundens,
384 650 480 702 trunco,
490 657 540 690 non
550 641 678 690 frondibus
689 642 763 691 efficit
774 642 902 700 umbram3

228 721 262 770 Et
273 722 384 785 quumvis
393 723 473 784 primo
484 728 555 770 nutet
563 737 651 770 casura
661 721 706 770 sub
716 722 792 782 Euro,
894 763 897 770 .

232 801 281 849 Tot
291 803 382 850 circum
394 802 469 850 silvae
479 802 550 850 firmo
562 817 587 850 se
598 802 685 850 robore
695 801 791 862 tollant,

228 879 286 928 Sola
296 887 378 929 tamen
387 881 484 930 colitur.
520 881 568 930 Sed
579 897 627 930 non
638 883 664 930 in
673 882 779 931 Caesare
789 889 885 932 tautum

229 959 325 1009 Nomen
336 967 399 1022 erat,
410 977 455 1010 nec
467 960 534 1010 fama
545 960 626 1010 ducis:
644 961 687 1010 sed
697 963 779 1010 nescia
789 963 870 1010 virtus

231 1039 302 1089 Stare
311 1039 382 1090 loco:
399 1040 513 1106 solusque
523 1040 611 1105 pudor,
622 1056 671 1088 non
681 1042 777 1088 vincere
788 1039 858 1088 bello.

230 1121 297 1169 Acer
307 1128 333 1171 et
342 1120 492 1186 indomitus3
509 1137 558 1186 quo
568 1137 631 1185 spes,
643 1136 741 1184 quoque
752 1122 790 1169 ira
800 1131 918 1181 vocasset,

228 1199 304 1249 Perre
313 1216 422 1264 manum,
433 1209 459 1251 et
467 1217 601 1266 numquam
612 1201 752 1249 temerando
763 1215 863 1264 parcere

322 1282 406 1333 ferror

230 1359 361 1410 Successus
372 1377 461 1427 urgere
472 1377 538 1422 suos,
547 1361 640 1409 instare
650 1358 728 1408 favori

229 1438 358 1492 Numiniss
375 1441 503 1506 impellens
514 1439 635 1505 quidquid
646 1441 693 1488 sibi
705 1455 800 1489 summa
811 1439 905 1503 petenti

229 1520 352 1580 Obstaret,
363 1521 521 1586 gaudensque
532 1522 596 1568 viam
607 1520 692 1568 fecisse
702 1521 781 1567 ruina.

232 1598 346 1658 Qualiter
357 1615 500 1664 expressum
511 1601 590 1648 ventis
599 1615 644 1663 per
653 1599 739 1647 nubila
748 1599 840 1647 fulmen

229 1675 346 1726 Aetheris
356 1677 454 1740 impulsi
464 1678 545 1725 sonitu
555 1677 690 1740 mundique
696 1677 794 1740 fragore

228 1754 344 1817 Emicuit,
353 1758 469 1821 rupitque
480 1755 551 1814 diem,
563 1756 714 1821 populosque
723 1765 840 1821 paventes

229 1835 339 1898 Terruit,
349 1836 449 1900 obliqua
458 1837 644 1901 praestringens
656 1837 749 1885 lumina
758 1835 871 1884 flamma:

229 1915 264 1968 In,
271 1931 316 1965 sua
326 1917 419 1981 templa
429 1917 492 1965 furit
501 1933 508 1965 ε
523 1917 640 1979 nullaque
649 1918 718 1965 exire
728 1923 826 1966 vetante

230 1995 346 2054 Materia,
355 2012 518 2062 magnamque
527 1996 625 2058 cadens,
636 2011 799 2061 magnamque
810 2010 889 2046 rerer·

325 2084 380 2127 tens

230 2155 282 2205 Dat
291 2163 399 2222 stragem
408 2157 467 2214 late,
477 2171 623 2221 sparsosque
634 2156 753 2221 recolligit
763 2159 841 2223 ignes.

263 2237 318 2287 Hae
328 2237 430 2286 ducibus
440 2251 541 2286 caussae
552 2237 685 2286 suberant:
703 2237 747 2286 sed
758 2239 855 2302 publica

231 2397 339 2458 Semina,
349 2412 412 2460 quae
423 2395 526 2460 populos
538 2410 634 2458 semper
643 2409 750 2444 mersere
766 2403 888 2461 potentes.

230 2476 344 2541 Namque
353 2483 382 2524 ut
392 2490 450 2538 opes
460 2473 552 2522 mundo
562 2474 650 2522 nimias
662 2474 761 2522 fortuna
772 2475 873 2525 subacto

230 2557 319 2607 Intulit
329 2564 354 2605 et
364 2556 437 2605 rebus
449 2571 529 2603 mores
538 2569 632 2603 cessere
642 2555 763 2613 secundis,

232 2637 377 2702 Praedaque
387 2644 413 2685 et
422 2635 523 2684 hostiles
534 2634 621 2682 luxum
633 2649 731 2683 suasere
741 2637 856 2699 rapinae:

231 2716 288 2768 Non
299 2733 368 2780 euro,
378 2717 497 2779 tectisque
507 2713 609 2763 modus:
626 2729 770 2778 mensasque
781 2716 875 2777 priores

232 2798 373 2859 Aspernata
383 2797 476 2846 semesa
494 2795 583 2856 cultus,
595 2800 692 2858 gestare
702 2793 801 2842 decoros
