2110 3540
248 343 299 422 176'
389 361 619 406 Anmuonoou
645 363 789 408 usurus.

246 453 349 501 Omnem
359 455 430 502 crede
441 456 506 503 diem
516 456 561 504 tibi
573 455 690 506 diluxisse
702 473 856 523 supremums

245 531 325 581 Grata
336 535 489 598 superveniet
500 550 563 598 quae
574 551 623 584 non
635 540 774 601 sperabitur
785 539 853 588 hore.

245 611 288 660 Me
299 613 415 676 pinguem
426 621 451 661 et
460 613 566 662 nitidum
577 616 637 664 bene
648 624 734 665 ourutu
744 624 799 666 oute
809 619 881 680 visse,

244 692 307 742 Cum
319 694 400 742 ridere
411 693 486 756 voles,
496 695 598 760 Epicuri
609 697 639 745 de
649 713 726 763 grege
737 713 845 762 porcum.

871 794 902 828 rr.

533 949 623 986 CXXIX.

486 1055 524 1109 To
538 1057 578 1107 tis
592 1054 677 1106 Book.
1032 1107 1033 1122 χ

255 1186 268 1219 »
284 1144 576 1342 *sirmundum
590 1167 734 1232 unumque,
745 1168 815 1227 riser,
826 1175 935 1234 spectare
1032 1209 1033 1214 ,

330 1290 341 1323 d

253 1248 267 1310 ζ
326 1243 363 1295 2⁰
450 1246 549 1308 videris,

259 1306 274 1377 ἶ
318 1292 368 1369 «ἢ
399 1324 497 1374 Seiiioet
516 1332 545 1374 ut
571 1333 666 1389 prostes
691 1324 817 1376 Sosiorum
839 1330 935 1392 pumice

340 1404 455 1454 mundus,

276 1485 357 1534 Odisti
367 1485 442 1533 clavis
452 1491 478 1533 et
488 1492 561 1550 gratu
572 1485 653 1550 sigilla
663 1486 760 1550 pudico,

244 1565 333 1614 Paucis
343 1565 437 1613 ostendi
448 1567 525 1630 gemis
534 1574 560 1615 et
570 1568 709 1614 communie
718 1567 813 1631 laudes,

246 1645 304 1695 Nou
311 1647 347 1695 itu
356 1648 474 1694 nutritus.
505 1645 575 1710 Fuge
587 1661 636 1709 quo
647 1647 792 1696 descendere
802 1649 884 1712 gestis.

245 1725 302 1774 Non
313 1727 361 1775 erit
371 1727 459 1775 emisso
468 1725 563 1774 reditus
575 1726 627 1774 tibi.
660 1725 744 1786 ‘Quid
755 1729 829 1776 miser
838 1728 900 1793 egi?

245 1806 312 1866 Quid
322 1806 419 1855 rolui?’
436 1806 502 1856 dices
510 1807 553 1854 ubi
564 1806 623 1871 quid
635 1813 659 1856 te
670 1807 770 1856 laeserit
780 1827 787 1871 3
805 1815 831 1856 et
840 1810 887 1858 sois

244 1885 276 1935 In
287 1885 360 1936 breve
372 1894 396 1936 te
406 1889 470 1951 cogi,
481 1902 537 1934 oum
548 1886 634 1950 plenus
645 1888 745 1952 languet
755 1896 859 1939 ametor.

245 1965 339 2025 Quodsi
350 1982 399 2015 non
410 1967 465 2014 odio
477 1969 599 2030 peccantis
611 1967 700 2031 desipit
709 1983 798 2032 eugur,

245 2045 325 2096 Carus
335 2049 384 2095 eris
396 2047 498 2106 Romae,
510 2047 587 2095 donec
599 2055 622 2096 te.
634 2048 731 2096 deserut
742 2057 828 2099 aetas:

244 2124 418 2174 Contreotstus
429 2126 472 2174 ubi
483 2127 596 2176 manibus
608 2127 747 2176 sordeseere
759 2128 829 2192 vulgi

245 2203 371 2270 coeperis,
382 2212 425 2253 aut
436 2206 516 2253 tineus
526 2221 612 2269 pasces
623 2208 760 2256 taciturnus
771 2209 871 2271 inertes,

245 2285 301 2334 Aut
311 2284 391 2349 fugies
401 2284 501 2332 Utiosm
510 2293 555 2334 eut
565 2287 661 2335 vinetus
670 2288 777 2337 mitteris
788 2287 903 2338 Ilerdam.

246 2363 347 2413 Ridebit
356 2365 463 2412 monitor
473 2380 522 2413 non
533 2366 672 2428 exauditus,
684 2375 712 2415 ut
724 2367 765 2415 ille

246 2445 296 2504 Qui
306 2444 370 2494 mele
380 2451 507 2508 parentem
517 2446 543 2492 in
553 2461 627 2510 rupes
638 2449 756 2510 protrusit
765 2448 867 2497 asellum

245 2525 329 2574 Iratus
338 2545 345 2575 e
362 2525 418 2589 quis
428 2525 494 2572 enim
504 2526 607 2574 invitum
619 2543 715 2576 servare
724 2528 838 2578 laboret?

245 2605 300 2655 Hoo
311 2621 408 2671 quoque
420 2612 444 2654 te
453 2613 543 2664 menet7
553 2614 582 2655 ut
592 2609 804 2670 pueroselementu
809 2609 939 2658 docentem

246 2685 355 2750 Oooupet
363 2686 480 2734 extremis
490 2686 517 2733 in
526 2688 586 2734 vicis
596 2687 668 2735 belbe
679 2698 797 2738 senectus.

246 2763 310 2814 Cum
320 2765 366 2815 tibi
376 2765 413 2814 sol
424 2766 520 2830 tepidus
530 2767 608 2830 pluris
618 2767 753 2818 admoverit
764 2783 845 2826 eures,
