2070 3542
241 407 286 451 140
382 393 613 440 Anrnouoem
638 401 782 447 sarius.

237 482 333 532 Pallida
342 501 410 534 mors
419 503 498 551 eequo
507 491 588 553 pulsat
597 492 658 555 pede
668 509 804 558 pauperum
813 497 929 550 tabernas

271 561 415 628 Regumque
426 569 511 617 turris.
546 571 649 620 Obeete
662 572 735 636 Sesti,

238 643 313 691 Vitee
320 660 414 693 summe
420 646 501 696 brevis
507 664 575 712 spem
581 667 625 699 nos
630 655 815 704 vetatinehoere
821 656 927 722 longam.

269 722 322 770 lum
333 731 357 773 te
368 733 461 788 premet
472 743 529 785 nox,
541 729 686 794 fabulaeque
698 733 794 794 Manes,

238 801 271 850 Et
281 801 367 852 domus
378 805 448 854 exilis
458 805 574 858 Plutonia
584 829 590 859 ε
608 827 657 874 quo
667 813 739 860 simul
750 814 848 876 mestis,

270 882 294 930 N
295 899 323 932 es
333 898 410 948 regns
420 887 472 934 vini
482 890 585 936 sortiere
597 891 662 952 talis,

240 961 291 1011 Nee
302 969 412 1013 tenerum
422 965 534 1030 Lycidan
544 970 673 1032 mirabere,
686 988 733 1035 quo
743 973 807 1023 celet
815 975 930 1024 iuventus

270 1042 343 1094 Nune
354 1047 432 1095 omnis
443 1055 468 1096 et
478 1063 536 1096 mox
548 1051 654 1114 virgines
666 1053 792 1116 tepebunt.

684 1135 819 1194 diurnium
831 1147 851 1182 1.
864 1135 899 1182 iv.

566 1247 607 1281 CV·

497 1359 535 1412 To
551 1361 667 1429 Pyrria.

270 1472 383 1591 ‘537ng
391 1490 450 1539 UIS
460 1491 538 1540 mults
547 1491 646 1557 gracilis
657 1499 682 1541 te
691 1507 754 1557 puer
764 1493 790 1541 in
800 1509 858 1542 rose
906 1443 931 1486 '

290 1542 386 1657 &lp
407 1571 525 1620 Perfusus
533 1572 633 1636 liquidis
643 1579 716 1637 urget
726 1573 842 1622 odoribus

271 1618 381 1703 *543³
441 1651 528 1711 Grato,
539 1652 646 1716 Pyrrhe,
659 1654 705 1702 sub
715 1653 808 1702 antro?

329 1729 375 1779 Cui
387 1730 474 1779 flevum
485 1733 575 1796 religas
585 1747 679 1781 comem

266 1809 376 1874 Simplex
387 1811 532 1859 munditiis?
549 1811 607 1860 Heu
618 1813 730 1876 quotiens
742 1811 816 1860 fidem

265 1889 425 1953 Mutstosque
434 1889 491 1938 deos
502 1890 571 1938 flebit
581 1897 606 1938 et
614 1905 702 1954 aspere

298 1969 384 2034 Nigris
394 1985 502 2033 aequom
512 1970 593 2018 ventis

329 2050 481 2107 Emirebitur
491 2050 604 2112 insolens,

267 2128 317 2188 Qui
327 2144 392 2177 nune
403 2136 428 2178 te
438 2129 529 2178 fruitur
540 2129 653 2178 credulus
664 2143 748 2192 eures,

267 2209 317 2268 Qui
328 2224 422 2273 semper
432 2209 543 2267 renuam,
555 2225 650 2274 semper
659 2209 789 2260 smebilem

300 2287 397 2352 Sperst,
408 2290 505 2338 nescius
515 2305 591 2338 eures

330 2367 444 2417 Pellaeis.
477 2369 572 2427 Miseri,
582 2369 671 2433 quibus

268 2449 419 2513 Intemptete
427 2451 498 2499 nites
532 2451 575 2500 Me
586 2451 671 2500 tabule
682 2465 751 2500 sseer

269 2530 362 2578 Votive
372 2531 453 2593 peries
464 2530 556 2580 indicet
566 2531 640 2581 uvida

303 2609 461 2675 Suspendisse
472 2613 566 2676 potenti

332 2691 488 2741 Vestimenta
498 2694 573 2742 meris
583 2691 636 2742 deo.
