2098 3546
229 377 276 423 254
372 363 603 407 ANTHOLOGIA
628 364 772 410 uultu.

228 452 342 503 Caesarie
353 453 443 517 lacere,
454 457 575 522 nudisque
583 457 680 508 adstare
689 458 797 522 lauertis,

227 534 262 583 Et
272 537 364 599 gemitu
375 538 498 600 permixte
507 538 588 602 loquis
605 537 677 599 ‘Quo
688 539 788 588 tenditis
798 540 884 590 uos?

227 614 284 675 Quo
295 615 364 664 fertis
374 631 430 665 mee
441 618 521 681 signs,
533 618 599 667 viri?
626 617 653 667 Si
664 621 718 668 iure
729 621 825 678 venitis,

228 693 255 742 Si
266 695 340 756 cives,
350 695 398 744 hue
411 712 489 760 usque
500 697 574 746 lieet!
606 697 669 746 uum
680 699 785 763 perculit
796 699 884 750 horror

227 774 341 824 Membra
348 775 430 840 dueis3
441 778 540 842 riguere
547 793 639 840 eomes,
646 794 795 843 gressusque
801 794 916 829 ooeroens

226 854 343 919 Languor
354 856 379 904 in
391 864 502 905 extreme
514 859 593 906 tenuit
603 859 707 923 vestigia
717 860 780 923 ripe.

226 934 289 984 Mox
300 937 349 986 ait:
366 937 518 1001 ‘Ome-gnae
529 938 572 1001 qui
583 939 679 985 moenis
688 938 806 1002 prospieis
817 938 886 988 urbis

226 1014 333 1079 Tarpeio
343 1017 373 1064 de
385 1032 453 1080 rupe,
464 1017 573 1078 Tonans,
583 1016 739 1082 Phrygiique
749 1025 850 1082 penates

226 1095 315 1147 Gentis
325 1097 417 1154 Iuleae,
429 1105 454 1146 et
465 1097 531 1161 rupti
542 1104 636 1146 secrete
647 1083 755 1156 Quirini,

225 1175 259 1225 Et
269 1177 378 1225 residens
388 1177 453 1226 eelsa
464 1176 567 1225 Latialis
578 1176 690 1241 Iuppiter
700 1177 776 1240 Alba,

225 1257 387 1321 Vestalesque
397 1257 454 1314 soei,
465 1257 601 1320 summique
612 1257 744 1306 onuminis
755 1259 833 1306 instar

226 1335 313 1399 Romo,
323 1338 378 1386 fove
389 1339 488 1402 ooeptis.
522 1337 579 1385 Non
589 1343 614 1385 te
625 1336 753 1387 furialibus
763 1340 838 1387 ermis

224 1415 370 1481 Persequor.
404 1417 452 1480 En,
463 1417 558 1477 meum,
571 1418 648 1466 vietor
658 1423 773 1481 terreque
783 1419 896 1483 murique

225 1494 325 1558 Caesar,
342 1497 434 1562 ubique
451 1505 517 1559 tuus,
532 1497 605 1546 lioest
621 1496 701 1558 modo,
717 1513 783 1546 nune
799 1513 906 1563 quoque,

320 1577 396 1626 miles.

223 1655 270 1703 Ille
279 1658 335 1713 erit,
346 1656 387 1704 ille
399 1671 497 1717 nooens,
509 1658 552 1720 qui
563 1672 601 1706 me
612 1657 658 1706 tibi
669 1635 754 1706 feeerit
763 1658 875 1708 hostem?

223 1735 284 1784 Inde
296 1750 376 1784 mores
387 1735 459 1784 solvit
469 1735 535 1798 belli,
542 1737 714 1800 'tumidumque
724 1752 768 1801 per
779 1753 875 1786 emnem

224 1813 302 1880 Signo
311 1815 370 1864 tulit
379 1830 490 1880 propere.
526 1815 596 1866 Siout
606 1816 774 1880 squalentibus
784 1819 849 1866 ervis

223 1896 364 1946 Aestiferae
374 1895 467 1960 Libyes
477 1897 530 1946 viso
540 1896 579 1946 leo
589 1897 724 1946 comminus
733 1896 804 1944 hoste

225 1974 339 2025 Subsedit
349 1977 446 2036 dubius,
457 1981 534 2024 totum
545 1976 603 2026 dum
613 1976 708 2041 colligit
718 1976 794 2040 irum3

223 2053 286 2103 Mox
297 2056 340 2105 ubi
350 2073 377 2105 se
387 2071 473 2105 saevae
484 2055 621 2105 stimulavit
631 2056 732 2105 verbere
741 2055 833 2104 caudae

223 2134 358 2200 Erexitque
369 2137 447 2198 iubes,
458 2143 527 2184 vesto
537 2147 562 2185 et
572 2150 647 2200 greve
656 2151 768 2184 murmur
780 2135 849 2184 hiatu

222 2215 363 2275 infremuit,
385 2224 448 2278 tum,
459 2223 525 2265 torta
536 2215 595 2264 levis
607 2214 628 2264 si
639 2215 723 2264 lonees
733 2214 817 2263 Mauri

224 2295 342 2356 Haereat,
354 2304 398 2345 sut
408 2297 485 2344 letum
496 2295 600 2344 subeunt
610 2294 729 2343 venabula
740 2302 833 2358 peetus,

223 2374 273 2423 Per
283 2375 386 2437 ferrum,
398 2377 461 2424 tenti
472 2390 572 2424 securus
584 2374 700 2436 vulneris,
709 2376 768 2423 exit

254 2454 332 2504 Fonte
343 2455 409 2504 cedit
419 2454 520 2514 modico,
530 2453 664 2518 parvisque
674 2453 808 2517 impellitur
818 2454 891 2504 undis

204 2560 208 2568 ·
223 2533 346 2584 Punioeus
358 2533 478 2596 Rubieon,
489 2549 544 2582 oum
556 2533 651 2583 fervida
662 2533 761 2582 canduit
770 2541 864 2585 aestus:

222 2613 320 2679 Perque
331 2616 393 2663 iures
404 2615 481 2678 serpit
491 2612 575 2674 velles,
586 2620 611 2662 et
622 2612 719 2662 Gallico
729 2621 810 2663 sertus

223 2694 306 2744 Limes
317 2695 349 2742 sb
360 2695 479 2743 Ausoniis
490 2694 645 2742 disterminat
655 2707 715 2741 urvo
724 2692 824 2742 eolonis.

222 2770 287 2820 Tum
299 2773 365 2821 vires
375 2771 509 2837 praebebat
520 2770 623 2835 hiemps,
634 2777 708 2835 utque
719 2779 824 2820 suxerat
834 2770 913 2820 undae
