2110 3540
392 421 553 464 PERSIUS.
780 442 826 489 ²45

137 505 245 557 Deducit
255 511 363 573 trepidas
375 527 472 561 rumoso
483 515 508 561 in
519 515 625 578 compita
636 522 737 576 mentes,

137 585 180 633 Me
190 587 236 635 tibi
248 591 374 654 supposui.
407 591 515 642 Teneros
526 601 553 641 tu
565 594 666 657 suscipis
678 610 755 644 ennos

139 664 271 729 Socration,
282 667 398 729 Cornuto,
410 673 474 721 sinn.
506 673 572 721 Tum
582 674 667 722 follere
679 673 763 722 sollers

135 747 261 809 Appositn
269 748 373 797 intortos
384 751 495 799 extendit
505 751 591 816 regula
603 769 689 811 mores,

136 824 170 873 Et
179 827 299 889 premitur
309 829 404 877 ratione
415 831 518 891 enimus,
529 833 641 895 vincique
652 832 756 891 laboret,

135 904 314 969 Artificemque
324 914 367 955 tuo
378 906 445 956 ducit
456 909 502 956 sub
512 909 599 972 pollice
609 909 711 961 vultum.

136 983 227 1032 Tecum
238 986 327 1033 etenim
338 986 424 1050 longos
435 987 533 1035 memini
545 1004 686 1038 consumere
698 990 769 1050 soles,

135 1063 169 1112 Et
179 1070 259 1112 tecum
270 1065 363 1129 primus
372 1065 451 1129 epulis
461 1067 591 1132 decerpere
600 1075 683 1117 noctes
689 1087 697 1132 3

135 1142 220 1192 Unum
230 1159 299 1207 opus,
309 1152 336 1194 et
346 1147 455 1208 requiem
465 1148 558 1210 puriter
567 1147 718 1212 disponimus
729 1149 809 1208 umbo,

134 1222 220 1287 Atque
231 1225 366 1273 verecundo
377 1225 489 1274 laxemus
500 1228 563 1275 serie
573 1243 665 1278 mense.

134 1302 192 1351 Non
203 1303 314 1367 equidem
326 1305 372 1353 hoc
381 1304 486 1366 dubites,
497 1307 623 1355 amborum
636 1307 732 1356 foedere
742 1315 809 1358 certo

135 1381 279 1432 Consentire
289 1383 348 1443 dies,
359 1392 385 1432 et
395 1385 427 1432 ab
437 1399 486 1434 uno
497 1385 576 1434 sidere
586 1386 659 1450 duci3

136 1463 228 1512 Nostro
239 1464 277 1512 vel
289 1465 387 1527 aequali
398 1465 524 1528 suspendit
533 1473 643 1530 tempore
654 1466 730 1516 Libra

134 1543 214 1591 Peren
222 1550 297 1592 tenax
307 1546 367 1604 veri,
378 1559 421 1593 seu
432 1552 490 1593 nete
500 1545 613 1594 fidelibus
624 1546 686 1595 hors

134 1622 231 1671 Dividit
242 1624 268 1671 in
281 1623 398 1673 Geminos
408 1625 538 1674 concordis
549 1627 601 1674 fetu
612 1626 724 1686 duorum,

136 1702 318 1767 Saturnumque
328 1720 428 1768 gravem
440 1713 524 1754 nostro
534 1706 592 1754 Iove
603 1707 741 1770 frangimus
751 1723 816 1758 unu:

135 1781 225 1832 Nescio
241 1783 314 1847 quod,
332 1791 397 1832 certe
414 1793 460 1844 est,
476 1786 542 1848 quod
558 1801 597 1834 me
613 1787 658 1834 tibi
674 1795 802 1851 temperat,

231 1870 368 1912 astrum.-

133 1942 173 1992 At
182 1950 208 1992 te
217 1945 342 1992 noctmnis
353 1944 422 1993 iuvat
432 1945 599 2009 impallescere
610 1945 718 1994 chartis:

134 2021 222 2072 Cultor
231 2024 295 2072 enim
307 2025 420 2072 iuvenum
431 2033 549 2089 purgatus
561 2026 648 2073 inseris
658 2041 730 2074 aures

134 2099 366 2166 FrugeCleeutheo.
391 2101 536 2151 Petitehinc
546 2103 694 2165 iuvenesque
706 2118 824 2167 senesque

135 2179 221 2228 Finem
233 2182 315 2229 animo
325 2188 427 2241 eertum,
437 2183 582 2246 miserisque
592 2183 682 2231 viatica
693 2185 769 2233 cenis.

135 2259 217 2312 ‘cris
232 2260 279 2309 hoc
294 2261 455 2310 fleu-Idem
470 2278 525 2312 cras
541 2263 630 2312 fiet-‘
640 2262 715 2324 Quid,
731 2264 802 2327 qussi

231 2356 355 2404 magnum,

135 2417 231 2483 Nempe
242 2419 305 2467 diem
317 2418 393 2468 donus
400 2419 503 2469 i’-Sed
510 2436 566 2471 cum
576 2421 621 2469 lux
631 2421 709 2470 alteru
719 2423 793 2481 venit,

135 2497 189 2546 I'am
200 2513 254 2546 crus
264 2499 405 2548 hesternum
417 2502 609 2565 consumsimus3
626 2517 680 2549 ecce
691 2501 757 2549 uliud
767 2516 823 2549 erus

136 2578 224 2641 Egerit
234 2577 279 2626 hos
290 2593 375 2639 ennos,
385 2586 410 2628 et
422 2595 518 2643 semper
529 2580 629 2645 paulum
639 2581 688 2628 erit
697 2580 770 2629 ultre.

136 2655 202 2704 Nam
213 2658 325 2720 quemvis
334 2673 410 2722 prope
420 2665 453 2719 te,
464 2661 574 2722 quemvis
585 2666 681 2708 temone
692 2659 738 2708 snb
749 2676 799 2709 uno

137 2735 282 2786 Vertentem
293 2753 345 2786 sese
356 2737 450 2787 frustra
461 2739 584 2788 sectabere
594 2739 719 2798 canthum,

136 2815 200 2864 Cum
211 2822 267 2865 rote
277 2818 399 2881 posterior
408 2833 501 2877 curres,
512 2818 573 2865 etin
584 2833 631 2866 exe
641 2819 754 2868 secundo.

470 2901 520 2946 sat.
531 2912 557 2947 v.
569 2913 592 2947 v.
607 2902 694 2962 26-513
712 2902 791 2948 iss-72.
