2070 3542
231 371 275 414 128
368 365 599 410 Amotoou
626 366 769 412 LATINA.

227 458 301 508 Hune
319 461 371 508 sine
382 476 421 507 me
441 460 542 510 turbare
559 459 659 525 globum
686 467 712 510 et
730 477 788 527 rege
808 461 858 512 tels
874 478 919 527 per

323 554 405 589 auras.

227 617 342 676 Dixerat,
353 626 378 667 ct
390 625 443 668 toto
453 621 573 668 connixus
585 635 686 684 corpore
697 620 791 669 ferrum

226 695 329 745 conicit
370 695 451 744 Hasta
461 696 545 744 volans
555 697 635 744 noetis
646 696 784 746 diverberat
794 697 904 758 umbras,

227 776 260 824 Et
272 775 336 823 venit
346 777 426 824 aversi
437 777 463 824 in
474 783 571 840 tergum
584 774 706 825 Sulmonis
725 778 807 840 ibique

225 855 361 918 Frangitur
381 869 409 903 ue
419 855 478 903 fisso
490 855 581 903 transit
591 857 734 919 praecordia
744 857 821 921 ligno.

227 934 343 982 Volvitur
353 934 394 983 ille
405 950 504 983 romeus
514 935 621 983 calidum
631 935 662 984 de
672 943 769 999 pectore
779 936 871 984 flumen

225 1014 342 1078 Frigidus
361 1023 387 1064 et
396 1014 476 1079 longis
487 1015 635 1079 singultibus
646 1015 689 1062 ilia
698 1016 790 1080 pulsat.

226 1093 325 1142 Diversi
334 1095 540 1158 circumspiciunt.
576 1093 630 1141 Hoc
640 1095 722 1142 acrior
732 1094 796 1142 idem

225 1173 290 1222 Ecoe
301 1173 367 1222 aliud
379 1189 475 1222 summa
485 1172 562 1222 telum
572 1173 681 1222 librabat
690 1173 722 1222 ab
733 1188 799 1222 aure.

226 1251 293 1301 Dum
300 1253 432 1318 trepidant,
439 1254 468 1302 iit
474 1253 546 1301 hasta
556 1252 674 1317 Tagoper
680 1260 921 1318 tempusutrumque.

228 1332 338 1382 Stridens
358 1333 507 1396 traiectoque
517 1333 597 1381 haesit
607 1333 729 1396 tepefacta
739 1334 844 1382 cerebro.

226 1413 310 1461 Saevit
321 1421 394 1462 atrox
406 1412 533 1473 Volsoeus,
544 1428 589 1461 neo
599 1413 642 1461 teli
652 1415 771 1477 conspicit
781 1429 887 1476 usquam

225 1494 369 1552 Aucmrem,
380 1507 424 1540 uec
435 1507 484 1555 quo
495 1508 521 1540 se
532 1493 621 1541 ardens
633 1493 756 1542 inmittere
766 1495 853 1558 possit.

226 1572 265 1620 Tu
276 1582 358 1620 tamen
370 1572 463 1620 interea
473 1570 552 1620 calido
562 1571 623 1620 mihi
634 1574 754 1636 sanguiue
763 1589 854 1637 poenas

225 1650 352 1698 Persolres
364 1650 499 1712 umbonum,
510 1653 605 1716 inquit3
623 1651 695 1700 simul
707 1668 765 1700 ense
775 1652 870 1701 recluso

224 1731 281 1778 Ibat
291 1731 317 1778 iu
329 1729 473 1794 Euryalum.
506 1730 571 1779 Tum
583 1747 641 1780 vero
651 1733 794 1794 exterritus,
805 1747 889 1781 amens

129 1817 132 1824 ’
226 1809 369 1859 Conclamat
380 1809 464 1872 Nisus,
491 1827 536 1859 nec
547 1827 573 1860 sc
584 1812 662 1860 oelsre
675 1812 783 1861 tenebris

224 1890 340 1954 Amplius
360 1897 403 1939 sut
415 1897 510 1938 tantum
521 1892 601 1955 potuit
611 1891 721 1955 perferre
731 1891 852 1940 dolorem:

225 1968 268 2018 Me
287 1986 333 2026 me,
344 1971 430 2019 adsum
448 1972 491 2034 qui
502 1971 557 2032 feci,
566 1972 592 2018 in
603 1986 642 2019 me
652 1972 786 2019 convertite
797 1971 901 2032 ferrum,

225 2044 360 2109 ORutuli3
377 2062 432 2095 mea
443 2046 511 2094 fraus
522 2047 616 2110 omnis3
634 2046 696 2094 nihil
707 2049 753 2094 iste
762 2062 807 2095 neo
817 2062 903 2107 ausus,

224 2125 277 2174 Neo
287 2128 379 2190 potuit,
400 2125 494 2174 eaelum
505 2125 551 2173 hoc
561 2133 586 2174 et
595 2126 692 2174 conscia
701 2125 783 2174 sidera
794 2133 885 2191 testor3

227 2204 335 2254 Tantum
347 2205 468 2254 infelicem
480 2208 582 2254 nimium
594 2205 681 2254 dilexit
691 2207 804 2254 amicum.

224 2284 296 2334 Tslia
306 2286 371 2334 dicta
381 2285 473 2350 dubat3
491 2286 533 2334 sed
544 2285 637 2334 viribus
648 2287 714 2334 ensis
726 2286 827 2336 adactus

225 2364 366 2415 Transabiit
376 2372 456 2412 costas
467 2373 492 2413 et
502 2365 605 2413 candida
616 2374 716 2429 pectora
726 2367 828 2431 rumpit.

224 2446 341 2494 Volvitur
351 2445 476 2508 Euryalus
487 2445 543 2502 leto,
554 2444 717 2509 pulchrosque
728 2461 772 2510 per
782 2453 852 2495 artus

224 2527 250 2576 It
259 2543 340 2584 cruor,
351 2527 425 2588 inque
454 2542 552 2574 umeros
562 2526 647 2574 cervix
658 2526 775 2592 conlapsa
784 2528 918 2578 recumbit}

137 2607 142 2614 “
225 2606 367 2672 Purpureus
378 2604 454 2653 veluti
465 2621 521 2654 cum
531 2604 577 2653 ilos
587 2606 696 2654 succisus
707 2615 791 2656 aratro

223 2687 376 2752 Languesoit
383 2685 491 2732 moriens
511 2685 606 2733 lassove
617 2699 742 2749 papavera
752 2686 815 2735 collo

224 2765 352 2815 Demisere
363 2769 446 2827 caput,
457 2762 540 2828 pluvia
550 2778 605 2812 cum
612 2764 678 2814 forte
688 2772 831 2829 gravantur.
