2110 3540
400 377 574 424 LUCANUS.
784 399 829 444 ²49

276 583 310 635 M.
331 583 503 638 ANNAEUS
522 587 694 641 LUCANUS.

433 725 539 765 ouxm.

342 795 498 886 Pharsalia..
538 833 598 888 Lib.
613 835 630 888 i.

263 958 316 1010 lue
333 959 432 1013 Causae
445 963 481 1030 of
489 965 530 1015 tue
546 965 621 1018 civil
638 965 706 1019 War.

143 1064 254 1176 (ffifl
259 1083 328 1134 ΕΒΤ
339 1085 435 1133 enimus
446 1099 546 1134 ceusses
553 1090 678 1134 tenturum
684 1101 827 1150 expromere

143 1157 153 1166 ⁸
158 1162 207 1231 1¹7⁴
218 1179 250 1235 ’ς
343 1179 436 1222 rerum,

141 1172 182 1263 'a
198 1226 217 1244 ‘
228 1229 251 1285 ἴ
273 1243 473 1306 Immensumque
484 1244 595 1307 aperitur
605 1259 675 1307 opus,
687 1244 747 1308 quid
758 1246 784 1293 in

234 1339 302 1372 urme
312 1324 435 1372 furentem

137 1402 267 1467 Impulerit
276 1404 402 1468 populum,
412 1401 471 1467 quid
482 1417 567 1465 pecem
577 1404 713 1452 excusserit
723 1404 783 1453 orbi.

137 1482 226 1532 Invidu
236 1483 343 1532 futorum
354 1484 437 1538 series,
449 1483 598 1545 summisque
610 1490 724 1548 negatum

138 1561 210 1612 Stare
221 1563 280 1627 diu3
298 1564 422 1627 nimioque
432 1578 520 1628 greves
532 1562 578 1611 sub
589 1562 695 1626 pondere
703 1564 786 1628 lapsus
796 1585 803 1630 ς

137 1642 191 1692 Nec
201 1658 228 1691 se
239 1642 318 1692 Romu
328 1643 416 1692 serens.
450 1641 490 1691 Sic
501 1658 556 1690 cum
566 1659 684 1708 compage
695 1645 775 1696 soluta

137 1722 241 1772 Saecula
251 1730 288 1772 tot
298 1723 383 1771 mundi
396 1739 509 1794 supreme
519 1725 626 1788 coegerit
636 1724 705 1787 hore,

136 1803 276 1867 Antiquum
289 1809 401 1866 repetent
411 1805 499 1851 iterum
510 1803 584 1852 chaos
594 1804 689 1866 omnie3
710 1805 795 1854 mixtis

137 1880 225 1930 Sidere
236 1882 357 1931 sideribus
368 1890 527 1931 concurrent:
546 1883 619 1946 ignee
629 1890 731 1945 pontum

134 1959 215 2010 Astre
226 1968 323 2026 petent:
340 1961 413 2029 tellus
424 1962 557 2010 extendere
568 1962 639 2009 litore
649 1962 723 2022 nolet,

135 2040 300 2105 Excutietque
311 2042 416 2092 fretum:
432 2041 506 2090 fratri
516 2043 639 2090 contrarie
649 2040 747 2090 Phoebe

134 2122 194 2179 Ibit,
204 2128 230 2170 et
239 2121 365 2186 obliquum
376 2121 447 2186 bigas
457 2123 551 2186 agitare
562 2137 606 2186 per
615 2121 698 2170 orbem

134 2201 275 2265 Indiguete,
287 2202 352 2250 diem
363 2208 446 2266 poscet
456 2201 516 2250 sibi:
533 2207 633 2263 totaque
644 2201 736 2250 discors

135 2281 253 2329 Mechine
263 2280 352 2329 divulsi
363 2281 472 2330 turbabit
483 2280 580 2328 loedere
590 2280 682 2328 mundi.

133 2359 165 2407 In
176 2374 202 2407 se
212 2375 302 2424 magns
310 2367 402 2410 ruunt=
420 2361 491 2408 luetis
500 2360 565 2408 hunc
576 2361 677 2408 numine
688 2361 762 2408 rebus

135 2438 267 2488 Crescendi
277 2455 381 2504 posuere
392 2439 498 2488 modum.
532 2439 584 2488 Nec
595 2440 710 2504 gentibus
721 2439 778 2487 ullis

133 2519 278 2569 Commodat
288 2522 313 2568 in
324 2521 450 2585 populum,
461 2527 541 2568 terroe
552 2521 680 2584 pelagique
691 2527 824 2582 potentem,

135 2599 260 2648 Invidiam
271 2600 382 2649 Fortuna
393 2615 469 2648 suum.
504 2599 543 2646 Tu
552 2614 638 2647 caussa
649 2598 776 2655 melorum,

135 2679 215 2728 Facta
225 2680 305 2728 tribus
316 2680 420 2730 dominis
431 2679 576 2740 communis,
588 2679 674 2738 Rome,
686 2691 730 2726 nec
740 2693 794 2726 um-

228 2775 302 2824 quum
