2070 3542
390 366 621 410 Auuuouoeu
648 363 791 408 annm.

535 542 654 578 uxxxvn.

343 639 407 710 Ipsa
420 658 466 692 suu
477 613 550 693 Dido
564 640 673 693 concidit
683 658 729 692 uua
742 657 825 692 mareu.

250 978 259 989 ‚
278 920 302 975 νΧ
380 934 547 1000 Sanguineum
557 936 656 984 volvens
668 936 745 984 aciem
764 934 918 998 maculisque

336 1017 465 1063 trementis

241 1093 366 1143 Interfuse
377 1110 453 1159 genas
471 1100 497 1142 et
507 1092 598 1158 pallida
606 1101 684 1142 morte
694 1093 787 1154 futura,

241 1173 363 1223 Interiora
374 1174 460 1226 domus
471 1175 590 1237 inrumpit
600 1173 685 1222 limina
702 1181 728 1222 et
737 1173 800 1222 altus

242 1253 388 1304 Conscendit
399 1253 531 1303 furibunda
540 1269 623 1318 rogos,
633 1268 765 1317 ensemque
774 1252 880 1302 recludit

242 1333 404 1395 Dardanium,
415 1349 464 1382 non
474 1333 519 1381 hos
530 1334 668 1397 quaesitum
678 1347 768 1382 munus
779 1333 805 1380 in
814 1348 882 1402 usus.

243 1412 300 1475 Hic,
310 1421 439 1478 postquam
451 1413 539 1461 Iliacas
549 1420 628 1460 vestes
638 1419 772 1476 uotumque
778 1413 858 1460 cubile

242 1493 385 1558 Conspexit,
395 1493 495 1557 paulum
507 1493 614 1541 lacrimis
625 1501 651 1541 et
657 1500 738 1541 mente
748 1505 852 1554 morata,

183 1585 186 1592 ’
242 1570 406 1634 Incubuitque
416 1578 470 1620 toro
490 1571 603 1634 dixitque
614 1573 745 1620 novissima
754 1572 830 1621 verba

274 1651 366 1700 Dulees
375 1653 486 1712 exuviae,
497 1652 555 1700 dum
566 1652 619 1700 fata
629 1651 737 1716 deusque
749 1652 852 1713 sinebat,

243 1728 355 1795 Accipite
366 1729 430 1778 hene
440 1731 555 1787 animam,
566 1747 653 1796 meque
664 1731 703 1780 his
713 1731 832 1780 exsolvite
841 1734 917 1784 euris.

243 1809 315 1866 Vixi,
326 1817 359 1870 et,
370 1825 443 1874 quem
454 1808 555 1858 dederat
564 1825 663 1860 eursum
674 1811 783 1872 fortuna,
794 1813 886 1876 peregi,

243 1890 277 1938 Et
287 1905 352 1938 nune
363 1904 453 1954 magua
464 1891 512 1938 mei
524 1890 570 1938 sub
580 1897 660 1938 terras
671 1890 717 1938 ibit
727 1891 817 1954 imago.

245 1969 338 2018 Urbem
347 1970 498 2034 praeclaram
509 1971 601 2034 statui3
617 1985 672 2018 mea
683 1971 779 2018 moenia
787 1970 854 2035 vidi3

243 2048 305 2097 Uita
315 2051 394 2098 virum
415 2065 506 2114 poenus
517 2051 617 2097 inimien
628 2065 643 2097 a
653 2049 731 2098 fratre
742 2050 837 2114 reeepi3

243 2125 323 2190 Felix,
334 2129 383 2177 heu
393 2130 497 2177 nimium
508 2129 577 2190 felix,
588 2130 609 2178 si
619 2129 694 2178 litora
704 2137 800 2179 tautum

244 2209 385 2272 Numquam
396 2210 537 2258 Dardaniae
548 2211 686 2275 tetigissent
696 2219 782 2260 nostra
792 2210 904 2260 carinae!

244 2289 325 2349 Dixit,
336 2297 368 2349 et,
380 2305 407 2337 os
418 2290 528 2353 inpressa
539 2297 600 2350 toro,
612 2290 748 2340 Moriemur
759 2291 862 2352 inultae,

246 2367 295 2418 sed
305 2369 447 2426 moriamur,
459 2370 502 2417 uit.
537 2368 587 2431 Sie,
598 2371 633 2418 sie
643 2371 712 2419 iuvat
722 2372 759 2419 ire
769 2371 815 2419 sub
825 2371 934 2419 umbras.

245 2448 354 2496 Hauriat
364 2447 430 2496 hune
441 2447 517 2497 oculis
526 2449 608 2513 ignem
619 2450 725 2498 erudelis
735 2451 767 2499 ab
778 2449 829 2499 ulto

245 2528 389 2590 Dardanus,
398 2535 423 2576 et
434 2535 533 2576 nostrae
545 2544 626 2576 seeum
637 2529 701 2578 ferat
711 2531 794 2578 omina
803 2529 898 2578 mortis.

245 2608 367 2672 Dixerat3
384 2615 459 2671 atque
471 2607 538 2655 illam
548 2608 630 2657 media
640 2610 704 2658 inter
714 2609 776 2658 talia
785 2608 852 2658 ferro

245 2688 393 2753 Conlapsam
403 2687 526 2752 aspiciunt
536 2690 646 2746 (remites.
658 2704 789 2753 ensemque
798 2704 887 2738 eruore

247 2766 405 2831 Spumantem
421 2781 568 2832 sparsasque
579 2783 674 2818 manus.
707 2768 733 2818 It
743 2769 836 2817 elamor
846 2769 879 2817 ad
889 2768 940 2816 altu
