2110 3540
225 395 272 430 ²20
369 383 601 427 ANTHOLOGIA
623 385 766 431 LATJNA.

538 623 606 658 cm.

372 743 627 815 Metamorphoeeon.
668 745 769 802 Lib.ii.

399 873 454 926 The
468 873 570 926 Palaoe
584 875 620 942 os
628 876 670 928 ue
683 875 746 928 San.

226 978 772 1081 sttqqsonseromulinensem
780 999 909 1056 columnis,

237 1072 335 1198 {Q
357 1081 432 1131 Clara
442 1083 547 1130 micante
557 1080 784 1144 auroflammaeqne
795 1081 907 1129 imitante

262 1178 334 1207 ΦΨ*
420 1178 524 1227 ΡΥΓΟΡΟ,

219 1238 297 1289 Cuius
307 1242 368 1290 ebur
375 1243 479 1292 nitidum
491 1243 590 1308 fastigia
601 1258 696 1291 summa
706 1241 814 1306 tegebat,

219 1317 328 1382 Argenti
337 1320 427 1370 bifores
437 1320 568 1369 radiabant
579 1320 670 1368 lumine
680 1318 771 1367 valvae.

219 1397 352 1448 Materiam
362 1402 494 1465 superabat
504 1417 582 1465 opus:
606 1400 672 1450 Nam
682 1399 804 1449 Mulciber
811 1399 862 1450 illie

218 1477 337 1542 Aequora
346 1481 461 1538 caelarat,
472 1482 564 1530 mediae
574 1481 698 1546 cingentia
709 1488 797 1538 terrae,

218 1557 400 1623 Terrarumque
415 1561 509 1624 orbem,
518 1561 670 1625 caelumque,
685 1560 750 1626 quod
766 1560 877 1608 imminet

320 1639 383 1688 orbi.

218 1719 351 1770 Caeruleos
361 1719 436 1770 habet
445 1720 512 1770 unda
522 1721 597 1780 Deos,
607 1720 710 1771 Tritona
720 1735 843 1778 oanorum,

217 1800 354 1864 Proteaque
364 1800 516 1866 ambignum,
525 1801 732 1866 balaenarumque
741 1807 892 1866 prementem

217 1879 352 1944 Aegaeona
363 1881 414 1931 euie
424 1882 540 1930 immania
551 1890 622 1947 terga
632 1883 739 1943 laoertis,

216 1959 359 2024 Doridaque
369 1969 395 2010 et
404 1969 486 2020 natas,
497 1977 602 2026 quarum
612 1978 670 2026 pere
680 1979 740 2012 nare
750 1962 855 2019 videtur,

216 2039 279 2089 Pare
289 2042 314 2088 in
323 2042 387 2090 mole
398 2042 484 2092 sedens
493 2043 582 2092 virides
593 2044 685 2092 siccare
695 2043 810 2107 capilloe3

216 2119 286 2170 Pieoe
296 2121 352 2169 vehi
362 2122 489 2186 quaedam.
521 2123 607 2172 Facies
617 2139 666 2172 non
676 2123 788 2173 omnibns
798 2137 857 2184 nna,
875 2119 876 2123 ’

216 2199 269 2248 Neo
280 2201 377 2250 diversa
385 2208 467 2250 temen
478 2221 485 2252 z
501 2202 599 2266 qualem
610 2203 680 2252 deoet
690 2219 743 2252 esee
755 2217 873 2252 sororum.

215 2279 294 2328 Terra
305 2282 370 2330 viroe
380 2282 501 2346 urbesque
512 2284 576 2347 gerit
586 2283 708 2348 silvaeque
718 2283 832 2348 ferasque

214 2360 376 2424 Fluminaque
387 2368 413 2410 et
423 2361 553 2427 Nymphae
563 2371 589 2413 et
598 2371 680 2414 cetera
689 2365 791 2412 numina
799 2361 874 2416 ruris.

215 2441 285 2490 Haeo
295 2443 483 2507 superinposita
493 2450 532 2492 est
541 2444 604 2492 oaeli
614 2443 732 2508 fulgentia
742 2445 833 2507 imago,

215 2521 339 2585 Signaque
349 2536 394 2585 aer
404 2521 498 2572 toribus
509 2523 612 2579 dextris,
622 2522 772 2587 totidemque
782 2523 898 2573 sinaris.

217 2597 272 2657 Quo
283 2599 355 2649 aimul
366 2600 456 2650 aeolivo
467 2599 612 2665 Clymeneia
621 2602 699 2650 limite
709 2602 789 2666 proles

214 2677 300 2738 Venit,
311 2687 337 2728 et
346 2681 449 2730 intravit
459 2681 563 2730 dubitati
574 2689 639 2730 teota
648 2683 766 2747 parentis,

214 2755 330 2808 Protinus
340 2758 372 2807 ad
382 2761 475 2823 patrios
485 2775 531 2808 aua
540 2760 589 2809 fert
599 2759 702 2824 vestigia
711 2758 801 2824 vultus,
