2110 3540
433 394 584 438 omme.

468 549 525 586 CLV.

371 655 494 708 Remedia
506 654 621 710 Amoris.

180 809 279 975 Τξξῖἷ*
346 878 454 936 tempore
464 881 576 938 prosunt,

169 912 279 1002 &iii
313 953 347 1001 Et
357 953 416 1002 date
425 968 474 1000 non
485 961 543 1017 apto
554 961 662 1018 tempore
674 955 730 1002 vine
740 961 836 1004 nocent.

157 1031 308 1092 Quinetiam
319 1031 436 1080 accendas
447 1033 516 1092 vitia,
527 1033 660 1096 inritesque
671 1033 789 1098 vetend03

189 1111 350 1176 Temporibus
362 1113 382 1161 ei
393 1128 442 1160 non
453 1113 596 1178 adgrediare
607 1115 665 1162 suis.

156 1195 225 1258 Ergo
236 1194 279 1241 ubi
289 1195 355 1242 visus
366 1195 415 1242 eris
425 1201 524 1242 nostrae
534 1194 685 1242 medicabilis
696 1196 753 1256 urti,

188 1273 239 1322 Fae
248 1274 347 1322 monitis
358 1274 440 1338 fugias
449 1275 500 1322 otia
510 1275 589 1338 primu
600 1275 668 1322 meis.

157 1354 271 1416 Hnec‚ut
281 1355 470 1411 umenseuiuntz
488 1355 628 1418 haec,qu0d
637 1354 725 1416 fecere,
734 1362 847 1408 tuentur:

110 1475 113 1483 .
189 1434 258 1484 Haec
269 1441 326 1482 eunt
335 1433 434 1482 iucundi
444 1449 518 1482 cause
528 1434 644 1497 cibusque
654 1435 719 1482 muli.

158 1513 218 1564 Otia
229 1516 249 1563 ei
260 1514 339 1570 tullus,
350 1515 444 1578 periere
455 1513 584 1578 Cupidinis
595 1529 675 1576 arene,

188 1594 379 1658 contemtueque
390 1596 470 1643 iacent
480 1602 505 1643 et
516 1595 568 1643 sine
579 1595 642 1656 luce,
653 1595 729 1644 faces.

156 1675 239 1735 Quem
249 1675 363 1739 platanus
373 1676 430 1722 vino
440 1675 539 1740 gaudet,
551 1691 623 1738 quum
635 1677 739 1740 populus
751 1677 824 1738 unda,

188 1755 222 1804 Et
232 1771 305 1820 quam
314 1755 401 1804 limosa
411 1771 490 1804 caune
498 1757 615 1821 palustris
623 1757 706 1814 humo,

155 1834 220 1883 Tum
227 1835 314 1884 Venus
322 1836 373 1883 otiu
381 1842 455 1884 emat.
483 1835 532 1895 Qui
540 1836 612 1883 finem
621 1837 718 1898 quaeris
726 1839 841 1885 amoris-

119 1919 125 1946 '
190 1914 263 1965 Cedit
273 1932 342 1966 umor
352 1918 497 1966 rebus-res
509 1931 562 1982 age,
573 1923 643 1965 tutus
654 1918 709 1968 eris.
834 1906 837 1908 ’

155 1997 282 2062 Languor,
292 2003 318 2046 et
328 1997 441 2047 inmodici
452 1997 497 2046 sub
508 1996 575 2044 nulio
584 1995 679 2044 vindice
691 1998 777 2058 somni,

189 2077 310 2140 Aleuque,
319 2084 345 2125 et
354 2077 431 2124 multu
442 2083 553 2140 tempore
563 2091 652 2140 quassa
662 2091 729 2124 mero

156 2159 272 2222 Eripiunt
282 2172 365 2205 omnes
376 2157 463 2204 animis
474 2157 526 2205 sine
536 2157 635 2204 vulnere
646 2172 741 2205 nervos.

188 2236 287 2285 Adfluit
296 2237 400 2284 incautis
410 2235 540 2284 insidiosus
550 2237 638 2284 Amor.

155 2317 282 2365 Desidiam
292 2331 354 2380 puer
364 2315 406 2363 iile
415 2317 483 2378 sequi
494 2316 562 2366 solet,
599 2315 658 2365 Odit
667 2324 774 2381 egentes.

188 2395 229 2444 Da
238 2411 329 2444 vacuae
340 2396 424 2455 menti,
436 2409 484 2458 quo
495 2402 616 2458 teneatur,
626 2410 694 2459 opus.

156 2475 222 2525 Sunt
231 2475 285 2524 fora
297 2493 303 2524 z
320 2481 376 2524 eunt
385 2475 465 2539 leges:
482 2482 548 2536 sunt,
559 2491 620 2539 quos
631 2477 731 2532 tuearis,
741 2476 827 2523 amici:

188 2556 262 2604 Vade
273 2571 317 2620 per
327 2556 435 2604 urbanae
446 2555 572 2620 splendide
582 2562 663 2604 cestra
672 2563 751 2620 togae.

156 2635 207 2684 vel
217 2641 245 2684 tu
256 2637 383 2700 sanguinei
394 2635 515 2683 iuvenalia
525 2650 628 2683 munera
639 2635 728 2684 Martis

189 2714 305 2780 Suscipe:
322 2714 423 2764 deliciae
434 2717 484 2764 iem
495 2715 539 2763 tibi
550 2722 620 2779 terga
630 2714 732 2762 dabunt.

660 2809 683 2842 v.
697 2799 809 2843 lul-15⁴.
