2110 3540
424 360 577 406 OVJDJUs.
804 380 846 416 221

159 452 326 517 consistitque
336 454 421 517 procul
431 473 437 504 ε
453 471 532 520 neque
543 457 608 504 enim
618 457 734 520 propiora
743 456 839 508 ferebat

158 531 271 582 Lumina.
307 533 436 598 Purpurea
447 537 541 585 velatus
551 544 618 585 veste
629 536 730 586 sedebat

158 611 189 661 Iu
200 612 260 660 solio
271 611 385 662 Phoebus
395 614 469 664 elaris
479 614 574 664 lueeute
585 616 729 680 zmaragdis

158 689 184 736 A
194 688 284 738 dextra
294 689 410 753 laevaque
422 691 483 740 Dies
492 698 518 740 et
529 692 623 742 Mensis
634 698 659 742 et
670 693 760 744 Annus

158 768 310 833 Saeculaque
320 777 345 819 et
355 772 449 835 positae
460 773 544 836 spatiis
555 773 697 836 aequalibus
708 774 800 835 Horae,

157 850 259 914 Verque
269 867 358 900 novum
367 853 448 901 stabat
458 854 564 902 einetum
574 853 675 904 florente
685 870 783 916 corona,

157 925 246 975 Stabat
254 927 320 976 nuda
330 925 420 977 Aestas
430 936 456 978 et
466 932 547 992 spicea
557 937 623 978 serte
633 931 743 994 gerebat,

157 1003 245 1054 Stabat
255 1012 280 1054 et
290 1006 440 1068 Autumnus,
450 1008 549 1056 ualeatis
560 1009 672 1058 sordidus
682 1012 745 1072 uvis,

156 1083 191 1132 Et
199 1084 310 1149 glacialis
320 1086 432 1151 Hiemps,
442 1102 516 1136 eenos
525 1088 621 1138 hirsuta
632 1090 738 1154 capillos.

712 1184 734 1216 v.
747 1172 811 1218 bet.

465 1355 546 1396 cmx.

429 1473 512 1528 Liber
525 1473 562 1529 iii.

438 1593 557 1654 Cadmus.

275 1727 402 1786 AMQUE
409 1725 755 1792 veneniferoseuguismauare
759 1727 839 1793 palate

290 1807 411 1871 Coeperat
420 1815 445 1857 et
456 1807 547 1858 virides
560 1807 689 1872 aspergine
700 1808 809 1860 tinxerat

356 1887 446 1937 herbae
456 1906 463 1938 t

153 1969 203 2018 Sed
212 1967 265 2018 leve
274 1968 363 2017 vulnus
373 1974 435 2029 erat,
448 1968 507 2032 quia
517 1983 543 2018 se
553 1966 694 2016 retrahebat
705 1968 737 2016 ab
747 1969 797 2017 ictu
807 1990 814 2033 3

151 2050 279 2112 Lassaque
289 2048 351 2097 eolla
361 2047 436 2097 dabat
445 2056 518 2105 retro,
528 2047 675 2112 plagamque
686 2047 769 2097 sedere

151 2127 266 2178 Cedendo
276 2127 382 2187 eruebat,
392 2143 436 2176 uee
445 2127 544 2192 lougius
553 2127 589 2175 ire
600 2126 695 2175 sinebat
705 2144 712 2176 s

150 2207 236 2256 Douee
246 2207 401 2272 Agenorides
410 2208 546 2255 eonieetum
557 2207 583 2254 in
590 2213 690 2271 gutture
701 2207 793 2257 fenum

150 2285 237 2350 Usque
247 2303 351 2350 sequeus
359 2288 458 2350 pressit,
467 2287 526 2334 dum
536 2293 604 2335 retro
614 2301 719 2350 quereus
729 2290 798 2336 eunti

149 2366 262 2428 Obstitit,
273 2375 298 2416 et
308 2367 359 2416 fixa
368 2375 406 2416 est
416 2369 508 2431 pariter
519 2382 574 2414 eum
584 2367 672 2416 robore
681 2367 774 2415 eervix.

148 2446 264 2496 Pondere
275 2449 395 2522 serpentis
406 2454 507 2496 curvata
517 2454 554 2495 est
565 2445 647 2507 arbor,
657 2454 681 2494 et
691 2447 754 2494 imae

148 2526 225 2576 Parte
233 2525 350 2592 flagellari
361 2529 456 2592 gemuit
464 2542 509 2575 sua
519 2526 608 2575 robora
618 2525 718 2576 caudae.

148 2605 216 2654 Dum
226 2605 332 2668 spatium
343 2605 419 2654 vietor
430 2605 488 2653 victi
497 2603 634 2651 eonsideret
645 2602 731 2659 hostis,

147 2686 208 2734 Vox
220 2686 300 2734 subite
310 2685 395 2735 audita
404 2692 440 2736 est
449 2703 457 2750 ς
474 2699 553 2748 neque
563 2689 618 2731 erat
627 2697 772 2748 eognoscere

241 2774 382 2832 promptum
