2098 3546
303 417 305 422 ·
377 393 440 438 GLA
449 393 617 438 UDIAst.
792 411 838 455 339

157 488 270 538 Pulveris
282 488 422 552 ambiguam
432 489 522 538 nubem
532 489 685 554 speculamur
696 489 726 538 sb
737 488 793 538 ultis

158 569 280 619 Turribus
290 571 385 632 incerti,
396 571 473 620 socios
483 577 594 635 apportet
606 585 638 618 sn
648 571 729 619 hostes
757 634 759 639 Ι

157 651 203 699 Ille
214 650 300 713 globus
309 638 324 700 ε1
333 659 440 700 mentem
450 666 568 716 suspensa
579 650 674 699 silentia
683 650 789 700 librantz

157 731 244 780 Donec
253 730 368 796 pulvereo
379 732 424 780 sub
434 732 532 780 turbine
540 731 625 780 sideris
635 733 713 780 instar

157 811 264 860 Emicuit
276 811 415 860 Stilichonis
426 827 490 876 spex
500 821 526 860 et
535 813 632 875 cognite
646 811 715 860 subit

158 891 272 942 Canities.
308 891 399 941 Gavisa
409 907 495 956 repens
505 907 549 956 per
560 893 654 941 moenis
662 893 754 941 clamor

158 971 271 1033 Tollitur,
283 974 291 999 ‘
297 973 353 1035 lpse
363 971 458 1021 venitt'
472 973 560 1020 Portas
571 987 655 1020 secure
664 987 708 1036 per
718 987 800 1022 omnes

157 1052 241 1101 Turbo
252 1051 365 1102 salutetis
373 1052 506 1101 effunditur
517 1052 588 1101 obvia
598 1054 681 1114 signis.

157 1133 215 1182 Non
224 1135 273 1182 ism
284 1133 385 1182 dilectus
396 1134 491 1194 miseri„
498 1149 549 1193 neo,
558 1132 619 1181 falce
629 1147 673 1196 per
684 1145 756 1194 agros

158 1215 283 1278 Deposita,
294 1213 401 1262 iaculum
411 1213 509 1262 vibrans
520 1212 625 1276 ignobile
635 1225 727 1262 messor
733 1231 741 1276 ς

158 1295 210 1343 Noc
220 1301 324 1358 temptat
332 1293 438 1358 elipeum
448 1295 560 1358 proiectis
571 1307 666 1342 sumere
676 1295 771 1354 rustris,

157 1374 259 1424 Bellone
269 1374 365 1422 ridente
376 1373 450 1424 Ceres
461 1373 607 1436 humilisque
618 1389 735 1422 novorum

158 1454 249 1504 Seditio
260 1454 366 1504 clamosa
376 1453 480 1502 ducumz
498 1453 541 1502 sed
551 1468 608 1502 vers
618 1455 739 1514 iuventus,

159 1533 243 1585 Verus
253 1535 340 1586 ductor
351 1535 428 1596 adest,
438 1539 465 1586 et
474 1534 555 1584 vivida
566 1534 654 1584 Mortis
664 1535 753 1596 imsgo.

599 1615 647 1678 Iu,
658 1631 681 1666 v.
696 1619 807 1664 seems.

453 1735 544 1774 COLXV.

258 1906 262 1931 ἃ
366 1825 467 1895 Speecb
481 1827 517 1894 of
525 1825 629 1878 Alario.

202 2102 224 2127 ξ’
274 2125 276 2131 ’
300 2105 432 2156 Praeberet
449 2109 553 2170 venium,
571 2121 704 2170 numquam
721 2106 781 2154 huec
799 2117 841 2166 op-

249 2186 347 2250 probrie
355 2187 453 2249 linguae

161 2261 254 2328 Turpis
265 2264 394 2314 Danubius
405 2281 443 2314 me
453 2267 543 2330 sospite
553 2266 628 2315 ferret
637 2265 738 2315 inultus.

160 2344 243 2406 Anne,
254 2351 291 2394 tot
301 2345 430 2408 Augustos
440 2345 524 2395 Hebro
535 2346 578 2409 qui
589 2353 649 2396 teste
660 2345 751 2408 fugavi,

161 2425 197 2473 Ts
209 2427 290 2490 petier-
299 2426 415 2474 snsdente
425 2425 518 2488 fugam,
529 2441 583 2474 cum
593 2427 692 2475 cesserit
701 2426 779 2474 omnis

161 2505 289 2569 Obsequiis
300 2513 390 2554 ustura
400 2506 480 2554 mois?
514 2505 643 2554 Subsidere
654 2507 744 2554 nostris

161 2587 213 2635 Sub
223 2587 326 2651 pedibus
337 2592 439 2646 montes,
450 2600 557 2634 urescere
567 2585 671 2634 vidimus
682 2601 772 2636 amnes.

160 2668 217 2718 Non
229 2669 265 2716 its
275 2667 300 2716 di
312 2667 392 2718 Getici
402 2666 491 2727 faxint,
501 2681 632 2728 monesque
642 2673 778 2730 parentum,

160 2747 197 2798 Ut
207 2763 262 2798 mes
271 2762 387 2798 converso
397 2746 504 2809 relegam
515 2747 618 2809 vestigio
627 2760 707 2798 cursu.
