2070 3542
280 413 283 420 .
371 391 561 436 sonamus.
766 400 812 460 ¹⁶³

188 483 306 534 Ostendet
316 483 437 548 Capitolio
445 503 452 548 3

219 563 267 614 Sed
278 579 340 628 quas
351 564 431 614 Tibur
441 581 521 628 aquae
532 564 613 614 fertile
624 563 772 628 praefluunt,

186 643 220 692 Et
230 645 320 708 spissae
332 659 460 692 nemorum
470 659 554 693 comae

218 724 324 788 Fingent
334 725 423 774 Aeolio
432 727 540 774 carmine
551 725 664 774 nobilem.

187 803 287 866 Romae,
297 805 415 868 principis
426 804 533 861 urbium,

217 883 343 948 Dignatur
354 883 450 932 suboles
462 885 525 933 inter
536 883 653 934 amabiles

184 964 279 1012 Vatum
289 979 381 1027 ponere
391 979 430 1012 me
440 963 536 1024 choros,

216 1044 248 1093 Et
260 1045 308 1092 iam
321 1044 393 1092 dente
404 1045 484 1092 minus
495 1044 607 1094 mordeor
619 1044 709 1094 invido.
788 1107 789 1110 Ἴ

184 1125 206 1174 Ο
217 1124 346 1174 testudinis
356 1139 446 1172 aureae

216 1204 319 1252 Dulcem
330 1219 393 1268 quae
403 1207 542 1268 strepitum,
554 1205 630 1264 Pieri,
641 1212 769 1268 temperas,

183 1285 205 1334 Ο
216 1286 291 1333 mutis
303 1299 399 1349 quoque
412 1285 521 1348 piscibus

215 1364 344 1412 Donatum
353 1365 433 1428 cycni,
444 1365 465 1412 si
476 1363 559 1425 libent,
571 1379 667 1424 sonum,

182 1444 272 1492 Totum
281 1445 390 1492 muneris
400 1445 446 1492 hoe
457 1445 494 1492 tui
505 1451 552 1504 est,

214 1523 286 1584 Quod
293 1532 417 1571 monstror
428 1523 505 1588 digito
515 1525 725 1587 praetereuntium

181 1603 307 1652 Romanae
318 1603 407 1653 iidioen
417 1603 505 1666 lyraer

213 1681 286 1744 Quod
296 1685 364 1748 spiro
374 1690 400 1733 et
408 1683 501 1747 placeo,
512 1683 532 1731 si
545 1684 635 1748 plaoeo,
647 1691 714 1734 turum
726 1691 772 1734 est.

428 1833 511 1870 cxxrr.
711 1781 746 1816 111·

376 1941 413 1994 To
425 1942 568 2008 Augustus,

163 2095 192 2139 53
241 2066 314 2116 IVIS
326 2077 378 2116 orte
389 2068 469 2126 bonis,
481 2069 573 2132 optime
585 2065 705 2114 Romulae

160 2130 205 2213 ’,ἷέἲῖ
257 2145 346 2196 Custos
357 2149 448 2212 gentis,
460 2147 518 2196 obes
529 2149 577 2196 iam
589 2147 693 2194 nimium
703 2145 746 2193 diu
756 2165 763 2196 ε

143 2220 146 2227 ’
171 2214 221 2261 ''5“
256 2225 386 2276 Moturum
396 2228 502 2276 reditum
514 2226 637 2292 pollicitus
647 2232 747 2290 petrum

311 2305 401 2356 Sancto
409 2308 520 2369 concilio,
531 2306 595 2355 redi.

183 2383 274 2434 Luoem
285 2387 361 2435 redde
373 2396 438 2445 tuae,
448 2387 500 2436 dux
509 2387 580 2442 bone,
592 2387 687 2448 patriae
696 2406 703 2438 r

183 2462 265 2514 Instar
273 2467 338 2515 veris
347 2469 415 2516 enim
425 2466 506 2516 vultus
518 2466 561 2515 ubi
573 2473 630 2512 tuus

183 2543 291 2594 Adiulsit
301 2547 401 2610 populo,
413 2550 510 2610 gratior
521 2547 541 2594 it
552 2545 605 2593 dies

311 2627 345 2674 Et
356 2627 419 2676 soles
430 2626 518 2676 melius
529 2630 615 2676 nitent.

185 2701 222 2751 Ut
230 2713 308 2753 mater
318 2707 439 2768 iuvenem,
451 2722 524 2770 quem
535 2717 609 2756 notus
620 2709 702 2756 invido
789 2720 790 2724 ’

185 2781 256 2832 Platu
268 2786 395 2850 Carpathii
407 2795 476 2834 trans
488 2789 563 2836 meris
575 2803 682 2850 aequora
