2098 3546
408 387 468 433 STA
475 389 564 434 PIUS·
605 356 608 361 Ι
787 405 833 452 273

140 484 198 546 Ipse
210 497 284 530 manu
295 482 404 546 gaudens
414 483 491 544 vehit,
502 489 528 532 et
536 497 599 547 quae
608 497 711 532 munera
722 481 804 533 mollis

141 563 228 626 Elysii,
239 562 334 612 steriles
344 577 425 611 remos
436 571 567 627 mutesque
578 563 689 612 volucres
763 630 765 635 .

140 640 230 690 Porxit
240 648 266 689 et
276 641 363 689 obtuso
373 641 492 705 pellentes
503 644 614 706 germine
624 642 702 692 flores

141 721 194 770 Nee
204 719 318 785 prohibet
327 721 466 769 meminisse
477 722 523 782 tui,
533 722 576 770 sed
588 729 690 786 pectore
700 721 805 772 blundus

141 801 229 849 Miscet
239 810 264 849 et
275 800 397 848 alternum
408 801 478 864 pueri
490 802 597 865 partitur
608 803 735 851 amorem!

172 881 222 930 Hie
232 880 289 929 finis
300 882 386 944 rapto!
411 880 478 939 Quin
489 890 517 929 tu
528 882 578 928 inm
589 881 691 930 vulnera
702 883 772 932 sedas

139 962 173 1010 Et
183 960 248 1010 tollis
259 973 365 1008 mersum
375 959 443 1008 luctu
454 958 547 1023 caput?
559 962 641 1009 omnin
651 960 736 1010 iuncta

139 1041 195 1088 Aut
203 1041 323 1088 moriture
333 1039 410 1101 vides,
421 1039 512 1088 obeunt
523 1047 654 1103 noctesque
666 1039 776 1105 diesque,

139 1120 275 1184 Astrsque,
284 1136 329 1168 nec
340 1120 424 1168 solidis
434 1119 534 1182 prodest
545 1134 591 1167 sua
602 1119 714 1168 machine
725 1123 807 1172 terris.

138 1199 203 1247 Nam
215 1200 325 1265 populos,
337 1199 438 1248 mortale
450 1214 537 1262 genus,
548 1198 674 1262 plebisque
685 1201 791 1250 seducas

139 1278 202 1339 Quis
220 1278 277 1328 flent
296 1279 430 1328 interitus?
462 1279 515 1326 Hos
533 1278 605 1341 bella,
626 1279 671 1328 hos
689 1294 798 1343 sequere

233 1367 345 1424 poscunt,

136 1438 186 1487 His
196 1454 265 1487 emor
274 1440 359 1500 exitio,
369 1437 440 1507 furor
451 1438 490 1487 his
500 1446 526 1487 et
536 1454 609 1488 saeva
618 1439 721 1503 eupido;

137 1517 174 1567 Ut
184 1519 269 1568 sileam
281 1519 391 1568 morbos=
410 1518 455 1566 hos
466 1534 510 1567 ore
520 1520 629 1584 rigentia
638 1518 756 1581 Brumae,

135 1599 196 1648 Illos
207 1599 328 1664 inplacido
338 1599 418 1649 letalis
430 1598 510 1648 Sirius
520 1601 582 1665 igni,

135 1679 190 1728 Hos
200 1687 283 1728 manet
293 1678 418 1729 imbrifero
429 1680 523 1743 pallens
534 1688 667 1730 autumnus
677 1681 757 1732 hiatu.

135 1757 263 1824 Quidquid
272 1759 347 1809 hebet
357 1768 433 1817 ortus,
441 1760 515 1809 finem
523 1762 602 1811 timet.
631 1762 725 1812 Ibimus
734 1778 825 1824 omnes,

134 1840 243 1889 Ibimus:
261 1841 376 1889 inmensis
388 1856 476 1889 umam
487 1843 567 1905 quatit
576 1841 677 1890 Aeaeus
687 1841 761 1891 ulnis.

167 1920 217 1968 Ast
227 1920 275 1981 hie,
286 1935 358 1984 quem
368 1922 496 1984 gemimus,
507 1921 576 1981 felix,
588 1921 746 1985 hominesque
756 1921 824 1971 deos·

233 2016 281 2064 qus

135 2079 168 2127 Et
178 2079 266 2128 dubios
277 2094 348 2128 ensus
359 2088 385 2129 et
394 2095 480 2129 caecae
491 2080 585 2130 lubrica
596 2082 661 2130 vius

135 2159 239 2225 Effugit,
249 2162 355 2209 inmunis
367 2161 419 2210 fati.
454 2162 476 2211 N
478 2177 510 2210 on
520 2161 561 2210 ille
572 2163 678 2226 rogavit,

134 2239 192 2289 Non
203 2240 286 2290 timuit
296 2243 415 2290 meruitve
426 2243 496 2290 mori.
531 2241 583 2290 Nos
594 2242 669 2289 anxis
679 2240 770 2306 plebes,

133 2318 187 2368 Nos
198 2321 291 2382 miseri,
302 2321 391 2384 quibus
403 2321 468 2368 unde
479 2321 532 2369 dies
543 2336 665 2383 suprema,
676 2321 732 2384 quis
743 2321 796 2369 aevi

133 2399 232 2455 Exitus,
244 2401 373 2461 incertum,
385 2401 475 2463 quibus
486 2403 560 2450 instet
568 2401 661 2449 fulmen
672 2400 703 2449 sb
715 2403 796 2462 astris,

133 2475 204 2536 Ques
215 2479 292 2528 nubes
301 2480 376 2529 futuis
386 2488 481 2530 sonent.
514 2480 558 2529 Nil
568 2480 674 2529 flecteris
685 2481 758 2528 istis?

133 2555 183 2606 Sed
193 2557 289 2608 flectere
300 2559 384 2608 libens
419 2561 487 2609 Ades
499 2561 546 2608 hue
556 2562 660 2608 emissus
670 2559 702 2608 eb
712 2567 767 2609 stro

132 2635 232 2697 Limite,
242 2639 282 2686 cui
292 2639 337 2687 soli
347 2648 435 2688 cuneta
447 2642 570 2703 inpetrare
580 2639 692 2701 facultas,

133 2713 253 2780 Glaucis3
269 2733 327 2765 num
338 2719 446 2767 insontes
457 2721 551 2768 animas
562 2733 607 2766 nee
617 2720 721 2782 portitor
731 2725 799 2769 eruet

134 2793 186 2844 Nee
196 2795 265 2845 dirue
275 2812 356 2846 eomes
367 2798 408 2848 ille
420 2800 493 2848 ferse.
527 2798 566 2847 Tu
576 2807 677 2862 pectore
688 2799 775 2861 mulce,

473 2894 490 2927 n
