2098 3546
177 327 185 364 ⁸
247 361 293 418 298
389 356 619 401 Arrnoroors
641 357 784 402 usurus.

311 449 383 500 Solus
392 451 446 501 luce
455 453 519 500 nitet
529 451 645 516 peculiari
655 471 665 504 a

310 529 384 578 Puris
394 528 482 579 leniter
492 531 651 580 admoventur
661 532 736 581 astris

310 609 397 658 Celsae
406 609 512 658 eulmina
522 610 626 659 delicata
635 611 713 661 villae.

311 687 376 738 Hine
387 697 480 754 septem
489 689 599 739 dominos
609 690 692 738 videre
702 695 798 740 montes

310 769 344 818 Et
354 775 431 820 totam
441 770 499 818 licet
510 771 639 819 aestimare
651 771 763 831 Romam,

310 849 421 898 Albanos
432 865 529 914 quoque
540 848 707 913 Tusculosque
717 849 791 898 colles

310 929 344 979 Et
354 917 516 994 quodcunque
525 929 588 978 iacet
597 929 643 978 sub
653 929 714 978 urbe
723 928 812 994 frigus.

310 1008 416 1058 Fidenas
424 1015 518 1058 veteres
527 1009 660 1072 brevesque
670 1008 777 1071 Rubras,

311 1089 345 1138 Et
355 1089 421 1154 quod
431 1091 540 1154 virgineo
549 1105 635 1137 cruore
645 1088 737 1153 gaudet

311 1172 400 1218 Annae
409 1170 555 1235 pomiferum
565 1185 651 1218 nemus
662 1169 796 1218 Perennae

310 1249 382 1298 Illinc
391 1249 525 1298 Flaminiae
536 1247 693 1312 Salariaeque

312 1327 429 1378 Gestator
440 1335 508 1392 patet
518 1327 603 1376 essedo
613 1333 717 1385 tacente,

311 1407 351 1456 Ne
361 1406 449 1456 blando
459 1413 514 1456 rota
524 1408 556 1456 sit
566 1406 667 1455 molesta
678 1421 770 1466 somno,

312 1486 392 1545 Quem
401 1502 446 1536 nec
456 1501 569 1551 rumpere
579 1487 705 1535 nauticum
715 1487 833 1549 celeuma,

311 1565 337 1613 N
337 1581 364 1615 ec
374 1565 466 1615 elamor
475 1566 540 1615 valet
549 1567 729 1626 helciariorum,

312 1643 377 1694 Cum
387 1645 420 1694 sit
431 1651 481 1693 tam
491 1661 567 1710 prope
577 1645 695 1710 Mulvius,
706 1661 850 1709 sacrumque

311 1723 407 1790 Lapsae
417 1741 461 1789 per
471 1725 581 1774 Tiberim
591 1726 673 1776 volent
683 1728 786 1776 carium.

312 1803 366 1853 Hoc
377 1820 428 1866 rus,
441 1820 484 1854 seu
494 1806 577 1870 petitu
587 1805 673 1856 domus
684 1807 792 1856 vocanda
802 1813 850 1868 est,

310 1883 470 1934 Commendat
481 1883 605 1934 dominus:
622 1893 690 1935 tuam
701 1887 799 1950 putabis
808 1905 816 1952 3

311 1965 374 2013 Tam
384 1979 433 2013 non
443 1963 526 2014 invida
535 1971 634 2029 tamque
645 1965 762 2029 liberalis,

312 2045 375 2094 Tam
385 2045 449 2094 comi
457 2051 526 2108 patet
535 2044 708 2110 hospitalitate.

311 2125 403 2176 Credas
414 2124 511 2173 Alcinoi
522 2126 576 2189 pios
587 2124 701 2186 Penates,

312 2205 367 2253 Aut
378 2205 437 2253 facti
447 2203 519 2254 modo
531 2204 612 2253 divitis
623 2203 753 2253 Molorchi.

312 2284 366 2332 Vos
376 2299 442 2332 nuno
453 2285 535 2332 omnia
545 2299 621 2347 parva
631 2286 675 2347 qui
685 2284 784 2348 putatis,

312 2364 421 2414 Centeno
431 2362 539 2428 gelidum
548 2363 631 2428 ligone
642 2363 721 2412 Tibur

311 2443 361 2492 Vel
371 2442 503 2492 Praeneste
514 2443 611 2493 domate
621 2443 799 2508 pendulamque

312 2524 364 2574 Uni
374 2523 455 2572 dedite
467 2522 560 2573 Setiam
569 2524 670 2574 colono:

311 2605 379 2654 Dum
389 2617 428 2651 me
439 2601 518 2651 iudice
528 2603 700 2668 praeferantur
709 2602 764 2652 istis

311 2683 361 2732 Iuli
370 2683 456 2748 iugera
465 2697 544 2746 pauca
554 2681 684 2732 Martialis.

748 2760 807 2810 lxiv.
