2054 3546
348 391 557 435 nucnurrns.
768 410 798 456 45

106 481 237 533 Blanditiis
247 482 319 532 fenile
330 485 456 548 ingenium
467 486 562 550 fregere
574 485 711 550 superbum.

108 563 177 612 Tunc
188 571 214 612 et
226 564 360 612 amicitiem
371 573 502 628 coeperunt
513 566 614 629 iungere
624 573 722 613 aventes

106 643 218 691 Finitimi
230 643 296 690 inter
307 659 333 691 se
344 659 389 692 nec
400 644 495 692 laedere
508 659 551 692 nec
562 643 657 703 violari,

107 721 139 770 Et
150 737 241 785 pueros
252 724 455 771 commendarunt
465 723 632 785 muliebreque
643 723 757 785 saeclum,

108 801 218 850 Vocibus
229 808 254 850 et
265 809 339 866 gestu
348 818 403 850 cum
414 802 483 850 balbe
495 803 661 866 significarent

108 881 291 930 Imbecillornm
302 897 355 929 esse
366 897 449 930 aecum
461 884 599 931 misererier
608 884 695 931 omnis.

619 977 637 1010 v.
653 967 793 1011 lou-1023.

422 1097 518 1136 xxxix·

376 1201 574 1274 Superstition.

112 1330 194 1443 yps
174 1332 223 1417 l
240 1351 359 1402 GENUS
370 1353 456 1403 infelix
467 1353 611 1415 humanum,
620 1355 680 1403 talia
690 1355 751 1404 divis

112 1384 224 1511 ’Μ
244 1433 309 1482 Cum
326 1432 414 1481 tribuit
433 1433 499 1480 facta
519 1440 593 1497 atque
613 1435 663 1482 iras
684 1435 798 1486 adiunxit

111 1514 176 1552 0„
140 1503 220 1553 'n‘

110 1589 222 1650 Quantus
233 1598 286 1640 tum
298 1593 404 1655 gemitus
414 1593 462 1656 ipsi
475 1593 533 1649 sibi.
541 1601 681 1658 quanteque
693 1595 765 1644 nobis

109 1669 296 1733 Volnere,quus
306 1670 419 1720 lacrimas
429 1688 545 1736 peperere
556 1673 686 1722 minoribu’
694 1675 796 1724 nestris!

109 1748 160 1799 Nec
172 1750 252 1813 pietas
262 1749 337 1798 ullast
348 1751 453 1800 velatum
465 1767 536 1816 saepe
548 1753 622 1800 videri

108 1829 209 1878 Vertier
221 1829 253 1877 ad
264 1829 369 1894 lapidem
380 1839 454 1895 atque
464 1832 543 1879 omnis
555 1832 669 1880 abcedere
680 1832 711 1880 ud
721 1848 776 1882 aras

109 1909 161 1958 Nec
181 1911 343 1975 procumbere
363 1911 432 1959 humi
453 1919 602 1975 prostratum
624 1920 649 1961 et
672 1913 777 1976 pandere

203 1989 299 2053 palmus

108 2070 176 2118 Ante
188 2070 262 2118 deum
273 2069 376 2118 delubra
385 2070 497 2120 nec'arss
509 2072 627 2136 sauguine
639 2071 716 2120 multu

109 2147 232 2214 Spargere
243 2149 427 2212 quadrupedum
439 2135 483 2198 nec
495 2151 558 2198 votis
569 2158 665 2198 nectere
675 2157 740 2212 vota,

109 2229 157 2277 Sed
167 2245 241 2294 mage
251 2236 341 2292 pecata
350 2244 424 2293 posse
433 2230 514 2277 omniu
524 2237 606 2278 mente
615 2231 685 2278 tueri.

109 2308 172 2356 Nam
183 2325 240 2357 cum
252 2310 400 2372 suspicimus
411 2310 495 2373 magni
505 2310 620 2358 caelest-iu
629 2310 714 2358 mundi

110 2388 220 2452 Templa,
232 2403 305 2451 super
314 2389 439 2452 stellisque
446 2389 592 2436 micantibus
599 2389 701 2438 aethera
710 2389 795 2450 fixum,

109 2467 141 2514 Et
151 2469 219 2515 venit
229 2467 255 2514 in
266 2477 373 2514 mentem
384 2468 441 2515 selis
451 2467 573 2530 lunaeque
583 2471 687 2530 viarum,

109 2545 178 2594 Tunc
190 2546 246 2593 aliis
257 2561 376 2609 oppressa
388 2547 458 2594 malis
469 2547 494 2594 in
503 2554 602 2610 pectora
611 2562 673 2595 curs

108 2625 154 2673 llle
162 2640 261 2689 quoqne
274 2625 473 2688 expergefactum
485 2634 559 2689 capnt
569 2629 664 2690 erigere
672 2626 736 2687 infit,

110 2703 210 2767 Nequae
220 2705 286 2752 forte
298 2705 370 2751 deum
382 2705 452 2753 nobis
461 2705 569 2754 inmensa
579 2715 688 2769 potestas

109 2783 155 2845 su,
165 2785 235 2833 vario
246 2792 316 2831 motu
327 2800 389 2847 quse
399 2785 503 2833 candide
513 2785 594 2834 sidere
604 2797 692 2834 verset.
