2070 3542
242 391 286 438 ¹3⁰
383 371 614 417 sunnonem
640 371 783 415 nsum.

239 469 312 520 Hune
323 483 369 533 ego
379 475 413 530 le,
423 465 540 530 Euryale,
550 465 662 530 aspicio?
678 471 738 514 tune
746 465 788 514 ille
799 470 912 514 senectae

241 549 302 598 Sera
311 563 380 597 meae
389 549 488 611 requies
506 547 609 611 potuisti
617 545 728 610 linquere
738 545 824 606 selam,

240 627 371 678 Crudelis?
387 643 432 676 nee
441 633 475 688 le,
488 627 533 675 sub
544 631 613 674 tanta
622 625 731 690 pericula
740 626 852 685 missum,

240 709 330 758 Adlari
341 713 480 756 extremum
490 707 593 754 miserae
604 706 662 754 data
672 706 742 770 copia
752 705 846 753 matri?

241 789 307 849 Heu,
318 795 385 838 terra
394 789 478 852 ignota
487 786 589 835 canibus
600 785 660 835 deta
666 785 758 851 praeda
768 785 866 834 Latinis

239 869 398 931 Alitibusque
408 868 488 916 iaces!
505 882 550 915 nee
558 873 583 914 le
593 873 636 914 tua
646 865 731 914 sunere
743 872 822 914 mater

240 949 350 998 Produxi
369 947 477 1012 pressive
486 946 568 995 oeulos
587 945 806 1007 autvolneralavi‚

240 1029 320 1078 Veste
330 1035 425 1094 tegens,
440 1027 486 1077 tibi
497 1043 572 1090 quam
582 1033 665 1075 noctes
677 1026 767 1075 festina
777 1025 879 1090 diesque

240 1109 385 1174 Urguebem
395 1115 421 1158 et
432 1109 482 1158 tela
492 1124 564 1158 curas
573 1107 670 1156 solabar
680 1107 759 1157 anilis.

241 1189 297 1249 Quo
318 1188 428 1254 sequar?
457 1195 500 1238 aut
520 1202 584 1252 quae
605 1203 669 1236 nune
690 1193 759 1242 artus
780 1185 914 1250 avulsaque

337 1269 448 1318 membra

242 1350 276 1398 lit
286 1350 360 1400 funus
371 1351 478 1399 lacerum
488 1348 561 1398 tellus
572 1347 668 1396 habet?
686 1347 741 1396 Hoc
751 1347 811 1395 mihi
823 1346 853 1395 de
863 1353 898 1405 te,

242 1429 316 1489 Nate,
327 1429 425 1480 refers?
441 1430 488 1478 hoa
499 1444 553 1476 sum
566 1435 681 1491 terraque
692 1428 804 1490 marique
820 1426 932 1477 mental.

241 1510 324 1574 Figite
334 1527 381 1572 me,
393 1511 415 1558 si
425 1525 475 1574 qua
486 1515 525 1558 est
535 1511 624 1574 pietas,
632 1509 658 1557 in
668 1524 708 1556 me
717 1509 799 1557 omnia
810 1507 859 1556 tela

241 1591 360 1654 conicite,
377 1606 391 1639 o
404 1589 498 1652 Rutuli,
509 1606 548 1638 me
558 1592 664 1655 primam
673 1590 793 1638 absumite
804 1589 886 1654 ferro3

242 1669 298 1718 Aut
309 1676 345 1731 tu,
356 1685 444 1734 magne
451 1667 526 1720 Pater
535 1669 844 1732 divommisereratuoque

242 1749 352 1797 Invisum
361 1749 407 1798 hoe
418 1748 519 1798 detrude
530 1756 604 1814 caput
615 1751 661 1798 sub
673 1748 778 1798 Tartara
788 1748 845 1810 telo,

243 1828 347 1888 Quando
358 1829 430 1878 aliter
440 1844 534 1893 nequeo
544 1830 667 1880 crudelem
676 1829 822 1893 abrumpere
833 1829 917 1880 vitam.

748 1924 771 1958 v.
786 1910 900 1959 473·497.
1001 1967 1002 1975 ἵ

537 2041 611 2080 noun

447 2136 582 2190 Aeneidos.
625 2135 685 2190 Lib.
698 2154 725 2191 x.

296 2249 321 2308 ἦ,
333 2249 374 2298 καὶ
384 2248 517 2314 κυανέῃσιν
527 2249 565 2298 ἐπ’
577 2248 665 2314 ὀφρύσι
675 2253 744 2298 νεῦσε
756 2249 877 2314 Κρονίων.

352 2637 415 2672 uma

242 2700 305 2750 Cum
315 2639 435 2768 ddprensa
445 2701 553 2752 fremunt
564 2701 632 2752 silvis
651 2707 677 2752 et
687 2717 760 2751 oaeea
770 2701 882 2752 volutant

243 2777 381 2844 Murmura,
391 2787 506 2831 ventures
516 2781 598 2830 naulis
609 2780 736 2845 prodentia
746 2789 839 2830 ventos.
