2070 3542
359 387 558 430 recasurus.
777 407 808 450 99

112 478 167 527 Vix
177 477 287 535 tandem,
297 481 394 544 magnis
405 479 486 529 Ithaci
496 480 644 529 clamoribus
654 487 733 538 ectus.

113 559 249 623 Conposito
260 561 354 623 rumpit
363 575 456 622 vocem,
468 568 493 608 et
504 575 543 608 me
554 559 660 609 destinet
671 575 737 610 erse.

113 638 256 687 Adsensere
267 653 360 700 omnes,
371 647 405 700 et,
417 654 480 704 quse
491 639 538 688 sibi
549 642 653 704 quisque
664 641 775 704 timebat,

113 717 196 766 Unius
206 719 233 766 in
243 718 327 766 miseri
338 719 441 768 exitium
451 735 568 768 converse
578 719 663 768 tulere.

113 798 217 862 Ismque
227 797 279 846 dies
289 797 390 847 infande
400 799 485 850 ederet
491 818 499 864 3
516 800 577 848 mihi
588 814 657 848 serre
667 801 758 864 peruri,

114 877 147 926 Et
157 877 237 926 scisse
248 877 343 942 fruges,
353 884 379 926 et
388 878 480 926 circum
490 885 601 942 tempore
611 879 702 945 vittee3

114 956 211 1022 Eripui,
222 957 312 1018 fateor,
322 957 373 1006 leto
382 973 422 1006 me
442 968 468 1006 et
477 958 574 1007 vincula
584 959 649 1022 rupi,

114 1036 261 1100 Limosoqne
272 1035 326 1084 lecu
338 1044 487 1100 pernoctem
498 1038 618 1086 obscurus
628 1038 653 1084 in
664 1038 721 1086 ulvs

114 1115 216 1176 Delitui‚
227 1114 286 1162 dum
297 1115 351 1164 vele
362 1114 458 1176 darent,
469 1117 490 1164 si
501 1117 566 1166 sorte
577 1115 707 1166 dedissent.

115 1194 165 1243 Nee
175 1194 238 1242 mihi
253 1196 302 1242 iem
313 1196 418 1259 petrium
430 1196 556 1260 antiquom
569 1211 625 1260 spes
637 1195 688 1244 ulls
698 1196 805 1261 videndi,

114 1274 165 1322 Nec
175 1274 256 1322 dulcis
267 1282 339 1323 nstos
349 1269 543 1341 exoptatumque
554 1283 696 1340 perentem3

114 1354 180 1414 Quos
192 1354 228 1402 illi
239 1354 290 1406 sors
301 1361 326 1403 et
337 1370 427 1418 prtem
437 1354 469 1404 ob
479 1364 564 1404 nostre
574 1365 702 1419 reposcent

113 1433 219 1498 Effugis,
230 1440 256 1482 et
266 1433 363 1498 culpem
374 1434 438 1483 hene
449 1436 594 1484 miserorum
605 1444 683 1483 morte
694 1435 802 1499 piabunt.

113 1512 184 1573 Quod
195 1522 221 1563 te
230 1529 276 1578 per
286 1529 387 1578 superos
397 1521 423 1564 et
432 1515 529 1564 conscie
539 1515 641 1564 numius
653 1517 713 1577 veri,

112 1592 161 1643 Per
173 1595 195 1643 si
202 1609 251 1659 qus
257 1600 302 1650 est,
311 1609 375 1657 quoe
381 1601 457 1643 restet
463 1594 543 1643 adhuc
549 1594 694 1644 mortalibus
701 1611 803 1659 usquam

111 1673 262 1723 Intemerute
271 1673 340 1732 fides,
351 1689 403 1735 oro,
413 1676 529 1723 miserere
538 1674 651 1723 laborum

111 1751 256 1816 Tantorum,
267 1755 383 1802 miserere
395 1755 470 1802 enimi
481 1769 530 1802 non
541 1755 616 1819 digne
627 1755 735 1806 serentis.

142 1833 190 1882 His
199 1834 308 1883 lacrimis
319 1836 395 1882 vitem
405 1834 500 1890 domus,
508 1841 533 1883 et
541 1835 718 1884 miserescimus
727 1835 800 1886 ultro.

109 1914 168 1979 Ipse
178 1917 231 1963 viro
241 1915 336 1979 primus
347 1917 454 1964 manices
465 1923 538 1979 etque
549 1922 604 1964 urta
613 1915 691 1962 levari

110 1995 203 2044 Vincla
213 1996 282 2044 iubet
292 1994 415 2056 Priamus,
425 1995 545 2058 dictisque
556 1995 592 2043 its
602 1993 669 2042 fatur
679 1994 763 2042 amicis
769 2014 777 2058 ;

111 2073 229 2140 Quisquis
240 2090 275 2131 es,
287 2075 389 2122 emissos
400 2074 458 2122 hinc
468 2075 516 2122 iem
527 2073 669 2122 obliviscere
681 2072 784 2138 Grsi0s3

110 2153 202 2204 Noster
212 2156 270 2209 eris.
279 2153 391 2218 mihique
401 2154 461 2202 hsec
472 2153 578 2202 edissere
588 2167 647 2200 vers
657 2155 768 2218 regenti:

13 2281 14 2292 ,
110 2231 800 2298 Quomolemhcncinmsniseqniststuere?quiseuetori

13 2329 14 2332 ’
110 2313 205 2374 Quidve
216 2314 325 2379 petunt?
347 2329 410 2378 quse
421 2314 526 2379 religio?
545 2320 590 2362 out
600 2327 663 2377 quse
673 2313 786 2362 mechina

203 2394 283 2443 belli?

108 2473 223 2523 Dixerat.
255 2474 310 2535 Ille,
321 2473 384 2522 dolis
394 2475 528 2523 instructus
538 2480 564 2522 et
574 2481 629 2522 erte
639 2472 752 2538 Pelasgo,
807 2485 809 2488 ·

108 2550 215 2600 Sustulit
225 2557 316 2600 exutas
326 2551 412 2600 vinclis
423 2551 455 2600 sd
466 2550 546 2602 sidere
555 2550 662 2615 pslmsss

107 2630 170 2693 Vos,
181 2631 279 2680 secerni
289 2631 369 2696 ignes,
380 2638 405 2680 et
415 2646 464 2680 non
475 2630 589 2679 violsbile
599 2637 708 2680 vestrum

107 2709 196 2762 Testor
205 2713 308 2770 numen,
319 2712 363 2771 eit,
373 2726 417 2759 vos
427 2725 485 2760 erse
494 2724 613 2773 ensesque
622 2706 734 2765 nefandi,

108 2787 176 2848 Quos
186 2790 251 2854 fugi,
264 2792 389 2854 vittaeque
400 2791 481 2852 deum,
492 2805 555 2854 ques
562 2788 644 2838 hostis
653 2786 732 2850 gessit
