2070 3542
330 393 394 438 Vult
400 393 475 436 clu]
481 392 528 436 ΠΒ.
732 408 774 455 ¹07

87 486 141 538 Non
152 495 237 537 tamen
248 486 376 544 abstinuit,
388 502 432 535 nec
443 487 497 535 voci
508 487 609 548 iraeque
621 483 743 548 pepercitz

87 569 122 617 At
131 569 177 617 tibi
187 583 233 631 pro
244 566 344 626 scelere,
354 567 484 621 exclamat,
495 580 540 629 pro
552 564 642 613 talibus
653 565 728 624 ausis,

86 646 127 705 Di,
137 648 159 695 ai
170 662 220 712 qua
230 653 268 695 est
277 647 344 695 caelo
354 648 441 710 pietas,
453 660 515 709 quae
526 645 586 692 talia
596 650 674 705 curet,

86 725 230 776 Persolvant
240 735 324 788 grates
335 727 423 791 dignas
433 732 458 773 et
469 725 579 789 praemia
589 723 694 772 reddant

86 805 183 864 Debita,
195 807 238 870 qui
249 806 302 855 nati
313 821 396 854 coram
406 821 445 854 me
456 819 556 853 cernere
568 803 643 852 letum

86 886 174 936 Fecisti
184 894 210 935 et
220 887 315 951 patrios
326 885 430 934 foedasti
441 885 527 932 funere
536 883 623 932 voltus.

87 969 121 1015 At
130 981 179 1015 non
189 967 241 1028 ille,
251 972 333 1014 satum
344 981 393 1028 quo
403 971 428 1012 te
439 965 559 1022 mentiris,
570 963 681 1013 Achilles

86 1044 150 1094 Talia
162 1048 188 1094 in
198 1046 270 1094 hoste
281 1047 329 1094 fuit
340 1045 454 1107 Priam03
472 1043 513 1092 sed
525 1045 580 1091 iura
591 1043 713 1108 iidemque

86 1124 205 1188 Supplicia
217 1125 327 1184 erubuit,
338 1117 475 1187 corpua‘que
492 1140 607 1190 exangue
623 1123 750 1187 sepulchro

86 1205 199 1254 Reddidit
209 1205 371 1268 Hectoreum,
383 1218 471 1267 meque
482 1205 508 1251 iu
518 1218 574 1250 mea
584 1218 662 1268 regna
673 1205 776 1254 remisit.

87 1283 124 1332 Sic
134 1284 200 1334 satus
210 1286 304 1345 senior,
315 1283 440 1348 telumque
451 1282 540 1332 inbelle
552 1283 604 1330 aine
614 1283 665 1331 ictu

86 1363 201 1422 Couiccit,
212 1379 290 1412 rauco
304 1362 370 1428 quod
381 1365 493 1426 protinus
505 1378 560 1410 aere
571 1362 696 1426 repulsum

85 1441 116 1489 itt
128 1457 223 1492 summo
235 1441 308 1506 clipei
319 1443 469 1506 nequiquam
479 1442 585 1490 umbone
596 1441 721 1506 pependit.

85 1519 129 1569 Cui
139 1522 271 1586 Pyrrhus:
289 1522 391 1571 Referes
401 1537 461 1586 ergo
472 1522 533 1570 haec
544 1529 568 1583 et
579 1523 681 1570 nuntius
692 1521 738 1570 ibis

85 1599 180 1652 Pelidae
190 1603 315 1669 genitori3
332 1602 369 1650 illi
380 1617 435 1650 mea
445 1603 528 1651 tristia
539 1602 604 1651 facta

84 1681 287 1748 Degeneremque
298 1682 488 1748 Neoptolemum
498 1696 601 1731 narrare
611 1691 741 1730 memento.

85 1761 264 1812 Nunemorere.
287 1761 776 1826 Hocdicensaltariaadipsatremeutem

84 1839 170 1892 Traxit
180 1850 207 1892 et
218 1844 247 1891 in
258 1843 336 1890 multo
346 1841 484 1906 lapsantem
495 1843 614 1906 sanguine
625 1843 686 1902 nati,

84 1918 249 1986 Inplicuitque
259 1935 354 1969 comam
365 1919 442 1979 laeva,
454 1918 590 1982 dextraque
601 1934 729 1967 coruscum

83 1999 177 2050 Extulit
187 2017 220 2050 ac
230 2000 304 2049 lateri
314 1999 403 2064 capulo
412 2005 484 2048 tenus
495 1998 590 2046 abdidit
601 2014 693 2046 ensem.

83 2079 148 2130 Haec
158 2081 219 2129 finis
230 2078 326 2128 Priami
337 2078 461 2142 fatorum3
477 2079 518 2128 hic
528 2081 610 2127 exitus
621 2079 691 2127 illum

84 2157 152 2208 Sorte
162 2160 233 2220 tulit,
245 2159 347 2208 'Iboiam
357 2160 480 2206 iucensam
492 2165 517 2207 et
527 2158 641 2223 prolapsa
649 2159 770 2208 videntem

81 2239 213 2306 Pergama,
225 2247 264 2290 tot
275 2237 398 2303 qnondam
409 2237 505 2302 populis
516 2239 636 2303 terrisque
644 2241 777 2305 superbum

82 2320 251 2386 Regnatorem
261 2320 346 2368 Asiae.
379 2317 447 2366 Iacet
457 2318 543 2381 ingena
553 2319 624 2368 litore
635 2327 737 2369 truncus

83 2401 253 2466 Avolsumque
280 2400 372 2448 umeris
381 2405 464 2463 caput,
475 2405 499 2448 et
510 2399 562 2448 sine
574 2402 671 2450 nomine
678 2417 774 2464 cerpus.

625 2495 649 2529 v.
660 2485 775 2530 ott-558.

374 2655 490 2729 uaeas
