2054 3546
236 395 264 436 28
378 387 608 430 Aurffouocu
635 387 777 430 LATINA.

235 481 352 527 Exoritur
360 495 437 542 neque
447 481 476 530 fit
483 480 574 529 loetum
585 495 663 544 neque
671 480 775 528 amabile
782 480 928 545 quicquum,

234 559 269 607 Te
280 560 368 608 sociam
380 560 465 608 studeo
476 560 610 628 scribendis
621 559 732 609 versIbus
743 575 796 608 esse

234 638 302 697 Quos
312 653 359 703 ego
370 639 400 686 de
411 655 493 688 rerum
504 647 594 688 ustura
604 654 712 704 pungere
722 655 797 687 conor

234 718 396 767 Memmiadae
411 726 492 767 nostro
503 733 575 783 quem
587 726 624 780 tu,
635 719 688 777 des,
700 726 808 782 tempore
820 720 846 766 in
858 720 927 767 omni

234 796 353 846 Omnibus
362 805 475 846 ornatum
486 799 583 847 voluisti
594 798 714 847 excellere
725 798 806 846 rebus.

234 875 290 935 Quo
301 877 378 940 mugis
390 883 516 924 aeternum
526 877 557 924 ds
568 877 649 938 dictis,
659 878 724 938 dive,
736 877 851 940 leporem.

234 956 309 1004 Effice
320 962 347 1004 ut
357 958 450 1004 interes
460 956 513 1004 fers
524 971 638 1005 moenera
652 957 750 1005 militiai

234 1035 284 1082 Per
294 1036 372 1084 meris
382 1050 410 1083 sc
421 1042 500 1084 terres
510 1037 588 1084 omnis
599 1037 679 1099 sopita
689 1035 827 1099 quiescent.

235 1114 300 1163 Num
311 1122 339 1163 tu
350 1115 402 1163 sols
411 1122 479 1178 potes
490 1115 622 1179 tranquille
633 1129 693 1178 pace
704 1115 787 1162 iuvare

235 1193 357 1255 Mortalis,
367 1195 481 1258 quonism
492 1195 550 1242 belii
560 1194 614 1243 fers
624 1208 740 1242 moenere
750 1191 851 1240 Mavors

235 1272 394 1338 Armipotens
403 1275 477 1339 regit,
487 1276 513 1324 in
523 1275 643 1339 gremium
654 1274 698 1338 qui
708 1287 780 1336 saepe
791 1279 861 1320 tuum
872 1286 898 1319 se

235 1353 315 1402 Reioit
324 1361 422 1403 aeterno
433 1354 541 1403 devictus
552 1354 650 1402 vulnere
661 1353 760 1410 umoris,

235 1432 321 1496 Atque
331 1435 366 1482 itu
375 1434 508 1497 suspiciens
519 1435 591 1482 tereti
601 1434 695 1482 cervice
704 1437 804 1496 reposto

235 1512 318 1562 Pascit
327 1527 409 1561 amore
419 1511 504 1560 svidos
514 1512 612 1562 inhiens
623 1514 649 1560 in
659 1521 694 1573 te,
704 1511 758 1573 des,
769 1511 845 1568 visus,

236 1593 306 1656 Eque
316 1599 359 1640 tuo
370 1591 459 1655 pendet
469 1593 578 1654 resupini
589 1593 690 1654 spiritus
700 1606 750 1640 ore.

236 1675 309 1720 Hunc
318 1679 355 1732 tu,
366 1671 432 1732 divs,
440 1678 484 1720 tuo
493 1671 650 1721 recubantem
660 1685 762 1736 corpore
772 1677 858 1718 sancto

236 1749 390 1800 Circumfusa
401 1765 483 1814 super,
494 1752 575 1800 suavis
585 1766 618 1799 ex
628 1765 670 1800 ore
680 1749 799 1814 loqueilss

236 1829 322 1879 Funde
332 1839 417 1895 petens
426 1831 547 1896 placidum
558 1831 684 1889 Romanis,
696 1830 796 1885 inclute.
807 1843 898 1893 pacem.

237 1912 302 1961 Nem
313 1929 392 1976 nequo
402 1930 447 1963 nos
457 1929 532 1979 egere
542 1914 589 1962 hoc
598 1913 688 1977 petrici
698 1920 808 1976 tempore
819 1911 903 1974 iniquo

236 1992 369 2042 Possumus
379 2009 458 2057 coquo
468 1997 549 2043 animo
559 2009 603 2042 nec
615 1991 718 2040 Memmi
727 1991 794 2040 clerc
805 2005 916 2054 propago

238 2069 339 2119 Talibus
350 2071 376 2118 in
386 2071 459 2120 rebus
470 2070 591 2120 communi
601 2069 670 2118 desse
682 2067 763 2119 soluti

802 2157 825 2191 v.
840 2146 926 2189 1-43.

545 2279 624 2315 xxm.

521 2373 649 2433 Iplaipem’o.

241 2449 451 2694 fflfflm
462 2473 488 2521 in
498 2473 537 2521 his
546 2473 620 2521 rebus
631 2485 724 2531 vereor,
735 2484 766 2518 ne
777 2468 840 2518 forto
850 2467 928 2517 roonis

374 2554 447 2619 Inpis
457 2560 481 2601 te
491 2554 592 2602 rationis
602 2553 665 2601 inire
672 2551 793 2600 elementa
803 2549 918 2612 viamque

375 2631 510 2698 Indugredi
520 2632 625 2689 sceleris.
636 2631 702 2695 quod
712 2636 798 2679 contre
809 2629 909 2692 saepius

241 2711 444 2857 Religiossddporit
454 2788 574 2838 scelerose
584 2794 657 2850 etque
669 2785 744 2850 impis
753 2784 826 2832 sacto
