2054 3546
211 393 229 426 x
472 381 587 422 Pauus
596 381 646 424 ΟΕ.

211 483 351 533 dulcissima
367 499 490 547 nusquam
503 483 570 549 apud
585 484 647 533 haec
662 498 727 548 quae
741 483 909 548 excerpsimus

211 566 373 630 reperiantur.
410 565 498 630 Neque
517 566 582 614 enim
602 574 654 615 tam
676 573 729 616 erat
752 567 778 614 in
798 567 861 616 votis
882 574 910 617 ut

211 663 295 697 omnes
306 647 415 712 undique
425 648 538 697 flosculos
551 663 686 712 carperem,
697 663 772 712 quam
784 655 812 697 ut
825 649 909 698 huius·
948 699 954 704 ,

212 729 278 778 modi
295 729 384 779 studiis
400 731 472 794 quasi
487 730 570 780 calcar
586 729 709 780 adderem.
743 729 817 790 Quod
833 731 854 780 si
871 731 910 780 his

211 811 351 861 lectitandis
362 812 402 860 vel
415 813 548 861 memoriae
559 811 713 872 mandandis,
725 827 790 861 unus
806 821 831 860 et
847 813 911 862 alter

212 894 307 942 iuvenis

413 970 521 1022 ‘integros
529 970 628 1011 accedere
637 970 700 1010 fonds
707 970 712 987 ¹

212 1101 304 1150 maiore
320 1117 377 1150 cum
390 1099 474 1150 fructu
491 1103 636 1163 assueverit,
646 1103 705 1150 huic
721 1109 807 1150 nost-ro
822 1100 911 1162 labori,

212 1183 252 1232 vel
266 1184 349 1248 potius
365 1182 478 1256 laborum
492 1183 682 1246 oblectamento,
694 1183 791 1233 abunde
802 1181 912 1232 satisfac·

213 1275 266 1315 tum
278 1267 335 1316 erit.

263 1421 354 1468 Etonae,

313 1487 361 1530 Kal.
373 1487 436 1528 Febr.
446 1497 577 1528 uncccnxv.

487 1728 652 1838 aas»

246 2054 278 2102 In
288 2053 327 2104 his
337 2053 403 2102 curis
415 2051 528 2103 secundis
538 2067 619 2116 pauca
630 2051 709 2112 omisi,
718 2065 783 2100 nova
792 2051 915 2115 quaedam

213 2135 357 2196 intertexui,
365 2134 502 2184 difficiliora
510 2133 595 2199 paullo
603 2133 750 2198 locupletius
758 2134 916 2182 annotatiun-

213 2219 276 2270 culis
286 2218 409 2268 iustruere
417 2217 520 2266 tentavi.
537 2213 654 2280 Vergilio
662 2215 764 2279 eiusque
771 2215 918 2279 aequalibus

214 2301 511 2360 automnincautmagua
519 2303 627 2362 exparte
636 2297 916 2362 supersedereinanimo

214 2382 313 2446 fuerat3
331 2397 380 2446 quo
396 2381 470 2431 latior
487 2395 591 2444 campus
608 2380 692 2429 miuus
711 2380 777 2430 uotis
795 2381 918 2445 poematis

213 2470 319 2529 pateret.
342 2462 416 2524 Quod
426 2478 458 2512 ne
469 2461 575 2512 facerem
587 2461 700 2511 nonnihil
710 2461 815 2512 obstitit.
849 2461 916 2510 Nam

214 2553 243 2596 ut
250 2547 415 2596 recentiorum
421 2550 563 2610 poematum
569 2543 673 2594 lectores
680 2543 789 2594 fructum
796 2542 854 2592 inde
862 2557 918 2607 per·

214 2628 311 2692 cepturi
328 2633 395 2689 sunt,
406 2627 442 2676 ita
458 2625 592 2677 eorundem
603 2626 664 2676 vitia
681 2625 818 2675 declinandi
832 2640 918 2686 cause,

214 2711 247 2762 ad
263 2709 391 2775 Augustei
406 2709 462 2761 aeri
478 2723 592 2758 normam
608 2709 682 2758 etiam
699 2714 773 2772 atque
788 2707 864 2756 ctiam
878 2721 917 2755 re·
