2070 3542
311 385 313 388 ·
380 379 580 423 Varamos.
744 351 758 377 ⁶
783 394 825 430 ιο,

135 473 175 521 Ne
185 473 263 535 recipi
273 471 359 534 portis,
370 477 413 520 eut
424 471 480 520 duci
492 472 517 520 in
528 471 624 520 moenia
634 477 725 534 posset,

134 553 194 602 Neu
204 551 321 616 populum
332 551 434 614 antiqua
445 551 491 599 sub
502 551 619 614 religione
630 551 695 599 tueri
708 566 715 596 ε

135 631 202 680 Nam
213 633 234 680 si
245 638 327 680 vestra
335 646 423 679 manus
432 631 547 680 violasset
557 631 621 679 dona
631 631 768 691 Minervae,

135 712 202 761 Tum
207 726 325 775 magnum
331 710 825 776 exitium-quoddipriusomeninipsmn

134 791 287 842 Convertant
296 789 429 838 !-Priami
443 791 545 854 imperio
558 790 749 855 Phrygibusque
761 788 826 837 futu·

231 886 302 934 rum3

134 951 179 1002 Sin
189 951 304 1000 manibus
315 951 403 1000 vestris
413 957 519 999 vestram
530 950 678 999 ascendisset
689 951 714 998 in
723 949 818 1013 urbem,

134 1032 209 1082 Ultro
219 1031 305 1080 Asiam
315 1046 406 1095 magno
415 1029 522 1094 Pelopea
532 1031 563 1078 ad
574 1031 670 1078 moenia
680 1029 744 1080 bello

133 1113 284 1172 Venturam,
295 1118 321 1159 et
331 1118 429 1160 nostros
439 1125 469 1159 ea
479 1111 531 1159 fata
541 1125 640 1158 maneto
651 1118 759 1174 nepotes.

166 1191 270 1240 Talibus
280 1190 377 1239 insidiis
387 1192 529 1256 periurique
540 1197 594 1239 arte
606 1190 703 1241 Sinonis

134 1271 234 1324 Credita
244 1286 294 1332 res,
303 1272 419 1334 captique
430 1271 492 1320 dolis
503 1271 661 1334 lacrimisque
671 1273 770 1330 coactis,

134 1353 203 1412 Quos
213 1367 294 1415 neque
304 1350 423 1416 Tydides,
433 1367 478 1400 nec
488 1349 632 1399 larissaeus
644 1351 764 1412 Achilles,

134 1434 192 1484 Non
202 1433 261 1482 anni
271 1431 388 1480 domuere
399 1431 491 1493 decem,
501 1447 551 1480 non
561 1431 627 1480 mille
636 1433 743 1482 carinae.

660 1528 685 1560 v.
697 1513 793 1562 77498.
810 1549 811 1552 ,

434 1629 524 1664 nxxxn

417 1725 542 1779 Laocoon.

176 1942 203 1973 ι»,
321 1912 380 1961 dum

141 1992 160 2041 ζ
177 1978 223 2039 ἶ
247 1984 250 1991 ⁴
273 1992 395 2041 Obiicitur
405 1992 492 2056 magis,
503 1998 577 2054 atque
588 1990 715 2054 inprovida
728 1996 828 2054 pectora

229 2071 322 2119 turbat.

134 2149 256 2208 Ioocoon.
266 2150 355 2198 ductus
365 2149 482 2214 Neptuno
494 2156 559 2198 sorte
570 2148 691 2210 sacerdos,

135 2229 265 2279 Sollemnis
276 2237 375 2278 taurum
386 2230 511 2293 ingentem
521 2229 645 2276 mactabat
656 2229 688 2276 ad
699 2244 762 2278 aras.

135 2311 198 2360 Fece
208 2318 292 2359 autem
302 2310 393 2374 gemini
402 2325 418 2358 a
427 2309 528 2358 Tenedo
538 2309 670 2374 tranquille
680 2326 724 2373 per
735 2309 816 2358 alta-

135 2391 258 2440 Horresco
267 2391 525 2439 referens—inmensis
536 2389 637 2438 orbibus
647 2405 742 2454 angues

135 2474 285 2523 Incumbunt
295 2473 392 2538 pelago,
402 2474 544 2537 pariterque
554 2473 585 2520 sd
596 2473 669 2520 litora
678 2471 795 2534 tendunt3

135 2554 242 2603 Pectora
251 2567 358 2616 quorum
368 2550 432 2601 inter
442 2552 532 2602 fluctus
543 2559 640 2602 affecta
649 2551 770 2613 iubesque

136 2632 292 2698 Sanguineas
303 2638 420 2694 superant
429 2632 508 2680 undas
515 2651 523 2696 3
540 2645 598 2696 pars
607 2639 690 2680 cetera
699 2635 802 2693 pontum

135 2711 203 2761 Pone
213 2711 277 2776 legit
287 2711 416 2774 sinuatque
426 2713 537 2760 inmensa
546 2710 669 2758 volumine
679 2715 750 2772 terga
755 2726 763 2772 3

136 2792 177 2842 Fit
187 2794 283 2842 sonitus
293 2799 422 2854 spumante
433 2791 493 2841 salo.
520 2789 622 2854 iamque
634 2803 693 2838 arra
704 2789 827 2849 tenebant,
