2110 3540
242 393 288 436 244
391 371 624 416 ANTHOLOGIA
649 371 791 414 LATINA.

241 469 313 518 Iure:
330 469 420 516 etenim
430 467 457 515 id
467 482 597 526 summum,
605 466 665 530 quid
675 466 762 514 dexter
773 465 840 514 senio
848 463 930 526 ferret,

242 548 310 598 Scire
318 554 373 596 erat
383 547 409 595 in
418 554 483 606 voto,
494 545 611 595 damnosa
620 546 731 594 canicula
741 552 859 609 quantum

241 627 356 686 Raderet,
366 633 485 689 angustae
495 625 557 674 collo
568 641 617 674 non
630 625 709 673 fallier
719 639 798 683 orcae,

242 706 298 755 Neu
309 708 364 770 quis
374 705 485 755 callidior
495 705 589 754 buxum
599 711 715 769 torquere
725 703 829 768 flagello.

258 842 260 846 ยน
273 787 348 835 Haud
359 786 404 834 tibi
415 787 571 849 inexpertum
582 800 670 833 curvos
682 785 831 848 deprendere
840 797 930 842 mores,

242 869 360 930 Quaeque
370 865 440 914 docet
450 867 546 929 sapiens
557 866 663 914 bracatis
675 866 737 914 illita
747 865 828 914 Medis

242 949 363 1006 Porticus,
374 947 492 994 insomnis
503 945 592 1008 quibus
602 952 627 993 et
637 945 738 994 detonsa
748 947 861 992 iuventus

242 1026 368 1091 Invigilat,
382 1025 476 1088 siliquis
487 1033 512 1073 et
523 1025 610 1088 grandi
621 1035 692 1090 pasta
703 1027 815 1089 polenta3

243 1107 276 1155 Et
288 1106 332 1155 tibi
343 1121 406 1169 quae
418 1103 512 1153 Samios
523 1105 621 1170 diduxit
631 1105 714 1153 littera
724 1120 812 1163 ramos,

245 1185 391 1250 Surgentem
403 1184 491 1232 dextro
501 1185 646 1232 monstravit
653 1184 731 1232 limite
741 1183 833 1234 callem

244 1266 333 1315 Stertis
344 1265 443 1313 adhuc?
460 1264 593 1326 laxumque
604 1272 679 1328 eaput
689 1279 805 1328 compage
816 1262 897 1313 soluta

243 1346 338 1394 Oscitat
349 1346 499 1404 hesternum,
510 1344 610 1392 dissutis
621 1343 730 1408 undique
740 1344 831 1392 malis?

243 1427 290 1475 Est
300 1426 392 1490 aliquid
403 1440 451 1489 quo
463 1425 550 1486 tendis,
562 1432 587 1472 et
598 1425 624 1471 in
635 1424 700 1487 quod
711 1424 797 1488 dirigis
808 1438 900 1483 arcum,

244 1508 287 1554 An
297 1508 387 1571 passim
399 1505 507 1569 sequeris
517 1519 603 1553 corvos
614 1511 727 1567 testaque
738 1502 846 1568 lutoque,

244 1585 349 1634 Securm
360 1600 409 1648 quo
420 1600 463 1648 pes
473 1585 545 1644 ferat,
555 1590 629 1648 atque
639 1599 673 1632 cx
683 1590 791 1647 ternpore
802 1584 884 1632 vivis?

673 1663 722 1712 Set.
734 1677 803 1712 niv.
815 1667 899 1712 35-62.

536 1816 648 1852 onxxm.

461 1922 605 1978 Concordes
616 1926 722 1976 animae.

245 2282 314 2331 Voce
326 2284 425 2332 traham
436 2299 507 2348 pura,
520 2289 647 2347 totumque
659 2283 705 2332 hoc
716 2282 791 2332 verba
801 2283 935 2348 resignent,

247 2361 319 2421 Quod
329 2362 389 2411 latet
398 2378 488 2411 arcana
497 2378 546 2410 non
556 2363 693 2411 enarrabile
703 2363 773 2413 libra.

278 2442 341 2492 Cum
351 2443 457 2506 primum
468 2442 557 2506 pavido
565 2451 646 2491 custos
656 2442 717 2490 mihi
727 2457 838 2506 purpura
847 2444 929 2502 cessit,

245 2522 368 2585 Bullaque
381 2523 510 2570 succinctis
521 2523 626 2571 Laribus
638 2523 727 2570 donata
738 2522 861 2586 pependit,

244 2602 307 2652 Cum
319 2602 403 2651 blandi
413 2605 520 2662 comites,
529 2609 629 2666 totaque
641 2604 739 2666 impune
752 2602 850 2651 Subura

244 2680 360 2731 Permisit
371 2684 489 2746 sparsisse
499 2683 582 2731 oculos
593 2684 641 2731 iam
652 2683 770 2732 candidus
781 2682 864 2742 umbo,

243 2760 354 2825 Cumque
366 2765 414 2811 iter
425 2764 564 2828 ambiguum
576 2771 622 2825 est,
632 2772 658 2812 et
669 2765 733 2811 vitae
744 2764 840 2812 nescius
849 2778 920 2811 error
