2070 3542
331 365 333 368 '
353 361 542 408 numius.

208 453 314 506 Dumetu
326 454 429 514 Silvani,
439 463 556 520 curetque

242 534 306 599 Ripa
316 537 387 601 vagis
397 537 521 584 taciturus
529 535 616 584 ventis.

178 610 218 660 Tu
227 614 352 664 civitatem
363 616 418 678 quis
428 615 513 664 deeest
524 623 604 666 status

179 690 257 742 Cures
268 701 293 743 et
301 694 357 744 urbi
367 695 487 744 sollicitus
498 695 570 744 times

210 771 276 832 Quid
287 773 359 822 Seres
370 781 396 822 et
405 782 509 838 regnata
519 775 588 839 Cyro

240 852 331 902 Bsuttu
340 861 428 918 pureut
438 854 578 918 Tanaisque
588 854 689 906 dumus.

177 933 290 982 Prudens
300 933 379 983 futuri
390 935 508 999 temporis
518 936 614 984 exitum

178 1012 319 1078 Caliginosu
329 1023 400 1062 nocte
410 1016 498 1078 premit
509 1015 577 1073 deus,

211 1094 334 1158 Ridetque
346 1095 367 1142 si
378 1095 489 1144 mortuiis
501 1095 566 1143 uitus

240 1171 291 1224 Fas
301 1175 415 1239 trepidat.
448 1175 520 1234 Quod
532 1175 602 1223 sdest
612 1183 734 1224 memento

178 1249 330 1316 Componere
340 1267 446 1316 aequus:
464 1260 546 1300 uetera
556 1251 664 1300 fluminis

179 1330 240 1379 Ritu
251 1332 373 1394 feruntur,
383 1347 448 1381 nunc
458 1331 539 1380 medio
550 1331 620 1380 niveo

210 1409 272 1460 Cum
284 1427 343 1476 pune
352 1412 489 1461 delabentis
499 1412 631 1460 Etruscum

240 1491 270 1540 Iu
280 1507 358 1554 mere,
368 1508 433 1541 nune
443 1492 537 1556 lapides
547 1493 632 1543 edesus

180 1570 322 1636 stirpesque
333 1580 417 1637 reptes
428 1579 453 1620 et
464 1588 538 1636 pecus
547 1580 574 1622 et
584 1573 669 1624 domos

178 1651 308 1701 Volventis
318 1667 376 1710 uus,
387 1668 436 1700 uon
447 1653 500 1700 siue
510 1654 631 1702 montium

210 1731 323 1782 Clamore
333 1733 476 1798 vicinaeque
488 1733 572 1794 silvae,

242 1811 305 1862 Cum
317 1811 370 1860 feru
381 1811 484 1861 diluvies
496 1815 590 1876 quietos

178 1891 269 1942 Inritut
280 1907 371 1940 amnes.
404 1891 450 1940 Ille
461 1901 549 1956 potens
561 1895 599 1942 sui

179 1972 319 2038 laetusque
330 1971 412 2036 deget,
423 1973 462 2020 cui
475 1973 533 2020 lieet
543 1973 569 2020 in
580 1973 646 2022 diem

212 2053 313 2102 Dixisse
323 2053 330 2080 ‘
339 2053 391 2101 vixi
401 2072 408 2101 t
425 2068 480 2100 ures
490 2053 529 2101 vel
539 2061 595 2102 utre

242 2131 315 2181 Nube
325 2132 409 2196 polum
420 2132 496 2181 Peter
507 2142 625 2197 oecuputo

180 2211 231 2260 Vel
241 2212 291 2261 sole
302 2226 380 2276 pur03
397 2227 447 2260 non
456 2219 538 2260 tumen
548 2213 646 2282 inuitum

180 2291 348 2356 Quodcunque
358 2297 426 2339 retro
436 2298 473 2340 est
482 2290 578 2351 efficiet,
589 2305 669 2355 neque

211 2370 330 2436 Diffinget
340 2370 506 2436 infectumque
516 2370 603 2419 reddet

242 2451 314 2510 Quod
325 2449 423 2514 fugiens
433 2451 508 2498 semel
519 2450 580 2498 horu
590 2451 675 2500 vexit'

178 2529 289 2579 Fortuna
299 2546 371 2579 saevo
380 2529 446 2578 lsets
456 2531 555 2594 negotio
565 2537 592 2580 et

180 2608 277 2659 Ludum
287 2610 431 2660 insolentem
441 2610 526 2658 ludere
537 2611 653 2674 pertinax

212 2690 371 2740 Trunsmutat
382 2693 488 2740 incertus
498 2691 611 2748 honores.

244 2770 316 2821 Nune
326 2771 396 2833 mihi,
405 2786 471 2819 nune
485 2770 528 2822 ulii
539 2770 655 2833 benignu.
745 2833 747 2837 Ι
