<?xml version="1.0" encoding="UTF-8"?>
<!DOCTYPE html PUBLIC "-//W3C//DTD XHTML 1.0 Transitional//EN"
    "http://www.w3.org/TR/xhtml1/DTD/xhtml1-transitional.dtd">
<html xmlns="http://www.w3.org/1999/xhtml" xml:lang="en" lang="en">
 <head>
  <title>
</title>
<meta http-equiv="Content-Type" content="text/html;charset=utf-8" />
  <meta name='ocr-system' content='tesseract 3.04.00' />
  <meta name='ocr-capabilities' content='ocr_page ocr_carea ocr_par ocr_line ocrx_word'/>
</head>
<body>
  <div class='ocr_page' id='page_1' title='image "./anthologialatin01thacgoog_0138.png"; bbox 0 0 2070 3542; ppageno 0'>
   <div class='ocr_carea' id='block_1_1' title="bbox 386 383 784 428">
    <p class='ocr_par' dir='ltr' id='par_1_1' title="bbox 386 383 784 428">
     <span class='ocr_line' id='line_1_1' title="bbox 386 383 784 428; baseline -0.008 -1"><span class='ocrx_word' id='word_1_1' title='bbox 386 384 618 428; x_wconf 71' lang='lat' dir='ltr'><strong>Aurffotoors</strong></span> <span class='ocrx_word' id='word_1_2' title='bbox 639 383 784 426; x_wconf 74' lang='lat' dir='ltr'><em>LATINA·</em></span> 
     </span>
    </p>
   </div>
   <div class='ocr_carea' id='block_1_2' title="bbox 569 603 625 641">
    <p class='ocr_par' dir='ltr' id='par_1_2' title="bbox 569 603 625 641">
     <span class='ocr_line' id='line_1_2' title="bbox 569 603 625 641; baseline -0.071 0"><span class='ocrx_word' id='word_1_3' title='bbox 569 603 625 641; x_wconf 76' lang='lat'>101.</span> 
     </span>
    </p>
   </div>
   <div class='ocr_carea' id='block_1_3' title="bbox 524 722 654 792">
    <p class='ocr_par' dir='ltr' id='par_1_3' title="bbox 524 722 654 792">
     <span class='ocr_line' id='line_1_3' title="bbox 524 722 654 792; baseline 0 -17"><span class='ocrx_word' id='word_1_4' title='bbox 524 722 654 792; x_wconf 72' lang='lat' dir='ltr'><strong>Elysium.</strong></span> 
     </span>
    </p>
   </div>
   <div class='ocr_carea' id='block_1_4' title="bbox 240 1022 931 1896">
    <p class='ocr_par' dir='ltr' id='par_1_4' title="bbox 240 1022 931 1896">
     <span class='ocr_line' id='line_1_4' title="bbox 256 1022 931 1094; baseline -0.004 -12"><span class='ocrx_word' id='word_1_5' title='bbox 256 1036 266 1065; x_wconf 59' lang='grc' dir='ltr'><em>ἴ</em></span> <span class='ocrx_word' id='word_1_6' title='bbox 284 1022 331 1082; x_wconf 47' lang='lat'>2</span> <span class='ocrx_word' id='word_1_7' title='bbox 353 1026 355 1031; x_wconf 75' lang='grc'><strong>’</strong></span> <span class='ocrx_word' id='word_1_8' title='bbox 381 1029 931 1094; x_wconf 80' lang='lat' dir='ltr'><strong>Fortunatorumnemommsedesquebeatas.</strong></span> 
     </span>
     <span class='ocr_line' id='line_1_5' title="bbox 242 1111 828 1179; baseline -0.003 -18"><span class='ocrx_word' id='word_1_9' title='bbox 242 1114 347 1179; x_wconf 77' lang='lat' dir='ltr'>Largior</span> <span class='ocrx_word' id='word_1_10' title='bbox 357 1113 398 1161; x_wconf 85' lang='lat' dir='ltr'><strong>hic</strong></span> <span class='ocrx_word' id='word_1_11' title='bbox 408 1128 507 1177; x_wconf 87' lang='lat' dir='ltr'><strong>campos</strong></span> <span class='ocrx_word' id='word_1_12' title='bbox 518 1111 604 1160; x_wconf 85' lang='lat' dir='ltr'><strong>aether</strong></span> <span class='ocrx_word' id='word_1_13' title='bbox 615 1117 640 1159; x_wconf 88' lang='lat' dir='ltr'><strong>st</strong></span> <span class='ocrx_word' id='word_1_14' title='bbox 650 1111 742 1158; x_wconf 88' lang='lat' dir='ltr'><strong>lumine</strong></span> <span class='ocrx_word' id='word_1_15' title='bbox 753 1111 828 1159; x_wconf 86' lang='lat' dir='ltr'><strong>vestit</strong></span> 
     </span>
     <span class='ocr_line' id='line_1_6' title="bbox 244 1191 867 1258; baseline 0 -17"><span class='ocrx_word' id='word_1_16' title='bbox 244 1192 381 1258; x_wconf 86' lang='lat' dir='ltr'><strong>Purpureo,</strong></span> <span class='ocrx_word' id='word_1_17' title='bbox 389 1193 513 1256; x_wconf 83' lang='lat' dir='ltr'><strong>solemque</strong></span> <span class='ocrx_word' id='word_1_18' title='bbox 524 1207 605 1251; x_wconf 90' lang='lat' dir='ltr'><strong>suum,</strong></span> <span class='ocrx_word' id='word_1_19' title='bbox 616 1206 661 1239; x_wconf 90' lang='lat' dir='ltr'><strong>sua</strong></span> <span class='ocrx_word' id='word_1_20' title='bbox 673 1191 755 1239; x_wconf 88' lang='lat' dir='ltr'><strong>sidera</strong></span> <span class='ocrx_word' id='word_1_21' title='bbox 765 1198 867 1241; x_wconf 88' lang='lat' dir='ltr'><strong>norunt.</strong></span> 
     </span>
     <span class='ocr_line' id='line_1_7' title="bbox 241 1271 885 1338; baseline -0.003 -16"><span class='ocrx_word' id='word_1_22' title='bbox 241 1273 306 1324; x_wconf 88' lang='lat' dir='ltr'><strong>Pars</strong></span> <span class='ocrx_word' id='word_1_23' title='bbox 316 1275 342 1322; x_wconf 89' lang='lat' dir='ltr'><strong>in</strong></span> <span class='ocrx_word' id='word_1_24' title='bbox 354 1274 486 1338; x_wconf 76' lang='lat' dir='ltr'>gramineis</span> <span class='ocrx_word' id='word_1_25' title='bbox 497 1279 613 1320; x_wconf 78' lang='lat' dir='ltr'><strong>exercent</strong></span> <span class='ocrx_word' id='word_1_26' title='bbox 623 1271 735 1319; x_wconf 84' lang='lat' dir='ltr'><strong>membra</strong></span> <span class='ocrx_word' id='word_1_27' title='bbox 745 1271 885 1333; x_wconf 75' lang='lat' dir='ltr'><strong>palaestris,</strong></span> 
     </span>
     <span class='ocr_line' id='line_1_8' title="bbox 241 1348 837 1420; baseline -0.005 -17"><span class='ocrx_word' id='word_1_28' title='bbox 241 1353 400 1404; x_wconf 76' lang='lat' dir='ltr'><strong>contendunt</strong></span> <span class='ocrx_word' id='word_1_29' title='bbox 411 1353 470 1402; x_wconf 89' lang='lat' dir='ltr'><strong>ludo</strong></span> <span class='ocrx_word' id='word_1_30' title='bbox 481 1360 506 1401; x_wconf 87' lang='lat' dir='ltr'><strong>et</strong></span> <span class='ocrx_word' id='word_1_31' title='bbox 517 1351 585 1400; x_wconf 82' lang='lat' dir='ltr'><strong>fulva</strong></span> <span class='ocrx_word' id='word_1_32' title='bbox 596 1348 837 1420; x_wconf 71' lang='lat' dir='ltr'><strong>luctanturharena3</strong></span> 
     </span>
     <span class='ocr_line' id='line_1_9' title="bbox 240 1430 919 1498; baseline -0.004 -16"><span class='ocrx_word' id='word_1_33' title='bbox 240 1433 304 1483; x_wconf 86' lang='lat' dir='ltr'><strong>Pars</strong></span> <span class='ocrx_word' id='word_1_34' title='bbox 314 1434 417 1498; x_wconf 83' lang='lat' dir='ltr'><strong>podibus</strong></span> <span class='ocrx_word' id='word_1_35' title='bbox 429 1432 548 1496; x_wconf 84' lang='lat' dir='ltr'><strong>plaudunt</strong></span> <span class='ocrx_word' id='word_1_36' title='bbox 558 1431 661 1479; x_wconf 78' lang='lat' dir='ltr'><strong>choreas</strong></span> <span class='ocrx_word' id='word_1_37' title='bbox 672 1437 698 1478; x_wconf 86' lang='lat' dir='ltr'><strong>et</strong></span> <span class='ocrx_word' id='word_1_38' title='bbox 707 1431 818 1478; x_wconf 85' lang='lat' dir='ltr'><strong>carmina</strong></span> <span class='ocrx_word' id='word_1_39' title='bbox 827 1430 919 1479; x_wconf 87' lang='lat' dir='ltr'><strong>dicunt.</strong></span> 
     </span>
     <span class='ocr_line' id='line_1_10' title="bbox 241 1509 844 1576; baseline -0.005 -16"><span class='ocrx_word' id='word_1_40' title='bbox 241 1513 294 1562; x_wconf 85' lang='lat' dir='ltr'><strong>Nec</strong></span> <span class='ocrx_word' id='word_1_41' title='bbox 305 1529 354 1561; x_wconf 89' lang='lat' dir='ltr'><strong>non</strong></span> <span class='ocrx_word' id='word_1_42' title='bbox 365 1513 494 1561; x_wconf 83' lang='lat' dir='ltr'><strong>Threicius</strong></span> <span class='ocrx_word' id='word_1_43' title='bbox 504 1512 579 1576; x_wconf 82' lang='lat' dir='ltr'><strong>longa</strong></span> <span class='ocrx_word' id='word_1_44' title='bbox 587 1526 643 1559; x_wconf 89' lang='lat' dir='ltr'><strong>cum</strong></span> <span class='ocrx_word' id='word_1_45' title='bbox 654 1517 721 1559; x_wconf 79' lang='lat' dir='ltr'><strong>veste</strong></span> <span class='ocrx_word' id='word_1_46' title='bbox 731 1509 844 1558; x_wconf 85' lang='lat' dir='ltr'><strong>sacerdos</strong></span> 
     </span>
     <span class='ocr_line' id='line_1_11' title="bbox 242 1591 871 1656; baseline -0.006 -16"><span class='ocrx_word' id='word_1_47' title='bbox 242 1592 389 1656; x_wconf 88' lang='lat' dir='ltr'><strong>Obloquitur</strong></span> <span class='ocrx_word' id='word_1_48' title='bbox 400 1593 508 1640; x_wconf 84' lang='lat' dir='ltr'><strong>numeris</strong></span> <span class='ocrx_word' id='word_1_49' title='bbox 519 1599 613 1655; x_wconf 83' lang='lat' dir='ltr'><strong>septem</strong></span> <span class='ocrx_word' id='word_1_50' title='bbox 623 1591 764 1639; x_wconf 87' lang='lat' dir='ltr'><strong>discrimina</strong></span> <span class='ocrx_word' id='word_1_51' title='bbox 773 1605 871 1651; x_wconf 88' lang='lat' dir='ltr'><strong>vocum,</strong></span> 
     </span>
     <span class='ocr_line' id='line_1_12' title="bbox 240 1669 915 1735; baseline -0.001 -17"><span class='ocrx_word' id='word_1_52' title='bbox 240 1671 342 1734; x_wconf 87' lang='lat' dir='ltr'><strong>Iamque</strong></span> <span class='ocrx_word' id='word_1_53' title='bbox 352 1671 437 1719; x_wconf 88' lang='lat' dir='ltr'><strong>eadem</strong></span> <span class='ocrx_word' id='word_1_54' title='bbox 448 1670 541 1735; x_wconf 84' lang='lat' dir='ltr'>digitis,</span> <span class='ocrx_word' id='word_1_55' title='bbox 553 1672 602 1719; x_wconf 91' lang='lat' dir='ltr'><strong>iam</strong></span> <span class='ocrx_word' id='word_1_56' title='bbox 613 1671 709 1735; x_wconf 86' lang='lat' dir='ltr'><strong>pectine</strong></span> <span class='ocrx_word' id='word_1_57' title='bbox 720 1669 802 1733; x_wconf 87' lang='lat' dir='ltr'><strong>pulsat</strong></span> <span class='ocrx_word' id='word_1_58' title='bbox 813 1669 915 1718; x_wconf 77' lang='lat' dir='ltr'><strong>eburno.</strong></span> 
     </span>
     <span class='ocr_line' id='line_1_13' title="bbox 240 1749 903 1816; baseline 0 -18"><span class='ocrx_word' id='word_1_59' title='bbox 240 1751 290 1800; x_wconf 90' lang='lat' dir='ltr'><strong>Hic</strong></span> <span class='ocrx_word' id='word_1_60' title='bbox 301 1766 379 1815; x_wconf 83' lang='lat' dir='ltr'><strong>genus</strong></span> <span class='ocrx_word' id='word_1_61' title='bbox 389 1751 520 1816; x_wconf 88' lang='lat' dir='ltr'><strong>antiquom</strong></span> <span class='ocrx_word' id='word_1_62' title='bbox 529 1749 629 1812; x_wconf 84' lang='lat' dir='ltr'>Teucri,</span> <span class='ocrx_word' id='word_1_63' title='bbox 639 1750 805 1814; x_wconf 82' lang='lat' dir='ltr'><strong>pulcherrima</strong></span> <span class='ocrx_word' id='word_1_64' title='bbox 814 1750 903 1814; x_wconf 87' lang='lat' dir='ltr'><strong>proles,</strong></span> 
     </span>
     <span class='ocr_line' id='line_1_14' title="bbox 242 1830 806 1896; baseline -0.004 -16"><span class='ocrx_word' id='word_1_65' title='bbox 242 1831 395 1896; x_wconf 80' lang='lat' dir='ltr'><strong>Magnanimi</strong></span> <span class='ocrx_word' id='word_1_66' title='bbox 404 1832 492 1880; x_wconf 84' lang='lat' dir='ltr'><strong>heroes</strong></span> <span class='ocrx_word' id='word_1_67' title='bbox 511 1833 563 1880; x_wconf 88' lang='lat' dir='ltr'><strong>uati</strong></span> <span class='ocrx_word' id='word_1_68' title='bbox 573 1830 715 1880; x_wconf 85' lang='lat' dir='ltr'><strong>melioribus</strong></span> <span class='ocrx_word' id='word_1_69' title='bbox 725 1831 806 1891; x_wconf 66' lang='lat' dir='ltr'><strong>annu,</strong></span> 
     </span>
    </p>
   </div>
   <div class='ocr_carea' id='block_1_5' title="bbox 242 1903 1023 1976">
    <p class='ocr_par' dir='ltr' id='par_1_5' title="bbox 242 1903 1023 1976">
     <span class='ocr_line' id='line_1_15' title="bbox 242 1903 1023 1976; baseline 0 -16"><span class='ocrx_word' id='word_1_70' title='bbox 242 1911 344 1975; x_wconf 83' lang='lat' dir='ltr'>Ilusque</span> <span class='ocrx_word' id='word_1_71' title='bbox 353 1912 541 1976; x_wconf 78' lang='lat' dir='ltr'><strong>Assaracusque</strong></span> <span class='ocrx_word' id='word_1_72' title='bbox 550 1920 576 1960; x_wconf 86' lang='lat' dir='ltr'><strong>et</strong></span> <span class='ocrx_word' id='word_1_73' title='bbox 587 1911 676 1959; x_wconf 85' lang='lat' dir='ltr'><strong>Troiae</strong></span> <span class='ocrx_word' id='word_1_74' title='bbox 690 1910 822 1959; x_wconf 86' lang='lat' dir='ltr'><strong>Dardanus</strong></span> <span class='ocrx_word' id='word_1_75' title='bbox 833 1918 925 1960; x_wconf 81' lang='lat' dir='ltr'><strong>auctor.</strong></span> <span class='ocrx_word' id='word_1_76' title='bbox 1022 1903 1023 1908; x_wconf 30' lang='lat'>¹</span> 
     </span>
    </p>
   </div>
   <div class='ocr_carea' id='block_1_6' title="bbox 238 1990 931 2850">
    <p class='ocr_par' dir='ltr' id='par_1_6' title="bbox 240 1990 877 2136">
     <span class='ocr_line' id='line_1_16' title="bbox 240 1990 877 2056; baseline 0.002 -18"><span class='ocrx_word' id='word_1_77' title='bbox 240 1990 321 2039; x_wconf 87' lang='lat' dir='ltr'><strong>Arma</strong></span> <span class='ocrx_word' id='word_1_78' title='bbox 332 1993 417 2056; x_wconf 86' lang='lat' dir='ltr'><strong>procul</strong></span> <span class='ocrx_word' id='word_1_79' title='bbox 427 2008 563 2056; x_wconf 83' lang='lat' dir='ltr'><strong>currusque</strong></span> <span class='ocrx_word' id='word_1_80' title='bbox 574 1992 653 2040; x_wconf 83' lang='lat' dir='ltr'><strong>virum</strong></span> <span class='ocrx_word' id='word_1_81' title='bbox 664 1993 770 2040; x_wconf 87' lang='lat' dir='ltr'><strong>miratur</strong></span> <span class='ocrx_word' id='word_1_82' title='bbox 780 1992 877 2040; x_wconf 78' lang='lat' dir='ltr'><strong>inanis:</strong></span> 
     </span>
     <span class='ocr_line' id='line_1_17' title="bbox 241 2069 838 2136; baseline 0.005 -18"><span class='ocrx_word' id='word_1_83' title='bbox 241 2069 315 2120; x_wconf 86' lang='lat' dir='ltr'><strong>Stant</strong></span> <span class='ocrx_word' id='word_1_84' title='bbox 325 2080 392 2121; x_wconf 82' lang='lat' dir='ltr'><strong>terra</strong></span> <span class='ocrx_word' id='word_1_85' title='bbox 402 2073 498 2122; x_wconf 78' lang='lat' dir='ltr'><strong>defixae</strong></span> <span class='ocrx_word' id='word_1_86' title='bbox 508 2073 593 2122; x_wconf 81' lang='lat' dir='ltr'><strong>hastae</strong></span> <span class='ocrx_word' id='word_1_87' title='bbox 612 2073 753 2136; x_wconf 84' lang='lat' dir='ltr'><strong>passimque</strong></span> <span class='ocrx_word' id='word_1_88' title='bbox 764 2071 838 2121; x_wconf 89' lang='lat' dir='ltr'><strong>soluti</strong></span> 
     </span>
    </p>

    <p class='ocr_par' dir='ltr' id='par_1_7' title="bbox 239 2149 931 2532">
     <span class='ocr_line' id='line_1_18' title="bbox 240 2149 931 2217; baseline 0 -18"><span class='ocrx_word' id='word_1_89' title='bbox 240 2149 289 2199; x_wconf 86' lang='lat' dir='ltr'><strong>Per</strong></span> <span class='ocrx_word' id='word_1_90' title='bbox 299 2167 411 2216; x_wconf 81' lang='lat' dir='ltr'><strong>campum</strong></span> <span class='ocrx_word' id='word_1_91' title='bbox 422 2160 557 2217; x_wconf 86' lang='lat' dir='ltr'><strong>pascuntur</strong></span> <span class='ocrx_word' id='word_1_92' title='bbox 567 2153 631 2216; x_wconf 86' lang='lat' dir='ltr'><strong>equi.</strong></span> <span class='ocrx_word' id='word_1_93' title='bbox 659 2151 731 2212; x_wconf 80' lang='lat' dir='ltr'><strong>Quae</strong></span> <span class='ocrx_word' id='word_1_94' title='bbox 741 2153 823 2216; x_wconf 82' lang='lat' dir='ltr'><strong>gratia</strong></span> <span class='ocrx_word' id='word_1_95' title='bbox 832 2150 931 2202; x_wconf 70' lang='lat' dir='ltr'><strong>currum</strong></span> 
     </span>
     <span class='ocr_line' id='line_1_19' title="bbox 240 2231 821 2295; baseline 0.005 -18"><span class='ocrx_word' id='word_1_96' title='bbox 240 2231 424 2295; x_wconf 84' lang='lat' dir='ltr'><strong>Armorumquc</strong></span> <span class='ocrx_word' id='word_1_97' title='bbox 435 2232 483 2282; x_wconf 80' lang='lat' dir='ltr'><strong>fuit</strong></span> <span class='ocrx_word' id='word_1_98' title='bbox 494 2233 564 2292; x_wconf 83' lang='lat' dir='ltr'><strong>vivis,</strong></span> <span class='ocrx_word' id='word_1_99' title='bbox 574 2247 637 2295; x_wconf 85' lang='lat' dir='ltr'><strong>quac</strong></span> <span class='ocrx_word' id='word_1_100' title='bbox 648 2247 708 2280; x_wconf 86' lang='lat' dir='ltr'><strong>cura</strong></span> <span class='ocrx_word' id='word_1_101' title='bbox 718 2233 821 2280; x_wconf 84' lang='lat' dir='ltr'><strong>nitentis</strong></span> 
     </span>
     <span class='ocr_line' id='line_1_20' title="bbox 239 2310 886 2376; baseline 0.002 -17"><span class='ocrx_word' id='word_1_102' title='bbox 239 2310 344 2359; x_wconf 83' lang='lat' dir='ltr'><strong>Pascere</strong></span> <span class='ocrx_word' id='word_1_103' title='bbox 354 2327 439 2374; x_wconf 82' lang='lat' dir='ltr'><strong>equos,</strong></span> <span class='ocrx_word' id='word_1_104' title='bbox 449 2312 534 2360; x_wconf 85' lang='lat' dir='ltr'><strong>cadem</strong></span> <span class='ocrx_word' id='word_1_105' title='bbox 546 2313 657 2376; x_wconf 83' lang='lat' dir='ltr'><strong>sequitur</strong></span> <span class='ocrx_word' id='word_1_106' title='bbox 667 2311 755 2360; x_wconf 81' lang='lat' dir='ltr'><strong>tellure</strong></span> <span class='ocrx_word' id='word_1_107' title='bbox 766 2318 886 2375; x_wconf 83' lang='lat' dir='ltr'><strong>repostos.</strong></span> 
     </span>
     <span class='ocr_line' id='line_1_21' title="bbox 239 2385 921 2452; baseline 0 -16"><span class='ocrx_word' id='word_1_108' title='bbox 239 2385 365 2452; x_wconf 85' lang='lat' dir='ltr'><strong>Conspicit</strong></span> <span class='ocrx_word' id='word_1_109' title='bbox 384 2403 440 2436; x_wconf 85' lang='lat' dir='ltr'><strong>eccs</strong></span> <span class='ocrx_word' id='word_1_110' title='bbox 460 2389 520 2437; x_wconf 89' lang='lat' dir='ltr'><strong>slios</strong></span> <span class='ocrx_word' id='word_1_111' title='bbox 531 2388 620 2438; x_wconf 85' lang='lat' dir='ltr'><strong>dextra</strong></span> <span class='ocrx_word' id='word_1_112' title='bbox 631 2387 750 2452; x_wconf 79' lang='lat' dir='ltr'><strong>laevaque</strong></span> <span class='ocrx_word' id='word_1_113' title='bbox 760 2403 805 2452; x_wconf 88' lang='lat' dir='ltr'><strong>per</strong></span> <span class='ocrx_word' id='word_1_114' title='bbox 818 2387 921 2437; x_wconf 81' lang='lat' dir='ltr'><strong>herbam</strong></span> 
     </span>
     <span class='ocr_line' id='line_1_22' title="bbox 239 2466 836 2532; baseline 0.005 -17"><span class='ocrx_word' id='word_1_115' title='bbox 239 2467 369 2516; x_wconf 86' lang='lat' dir='ltr'><strong>Vcscentis</strong></span> <span class='ocrx_word' id='word_1_116' title='bbox 380 2467 520 2532; x_wconf 78' lang='lat' dir='ltr'><strong>laetumque</strong></span> <span class='ocrx_word' id='word_1_117' title='bbox 529 2469 605 2517; x_wconf 87' lang='lat' dir='ltr'><strong>choro</strong></span> <span class='ocrx_word' id='word_1_118' title='bbox 616 2466 715 2518; x_wconf 82' lang='lat' dir='ltr'><strong>Paeana</strong></span> <span class='ocrx_word' id='word_1_119' title='bbox 725 2469 836 2518; x_wconf 86' lang='lat' dir='ltr'><strong>canentis</strong></span> 
     </span>
    </p>

    <p class='ocr_par' dir='ltr' id='par_1_8' title="bbox 238 2547 849 2692">
     <span class='ocr_line' id='line_1_23' title="bbox 238 2547 819 2614; baseline 0.003 -18"><span class='ocrx_word' id='word_1_120' title='bbox 238 2547 308 2597; x_wconf 81' lang='lat' dir='ltr'><strong>inter</strong></span> <span class='ocrx_word' id='word_1_121' title='bbox 319 2549 447 2598; x_wconf 82' lang='lat' dir='ltr'><strong>odoratum</strong></span> <span class='ocrx_word' id='word_1_122' title='bbox 457 2549 522 2598; x_wconf 87' lang='lat' dir='ltr'><strong>lauri</strong></span> <span class='ocrx_word' id='word_1_123' title='bbox 531 2565 626 2611; x_wconf 85' lang='lat' dir='ltr'><strong>nemus,</strong></span> <span class='ocrx_word' id='word_1_124' title='bbox 636 2549 702 2598; x_wconf 85' lang='lat' dir='ltr'><strong>unde</strong></span> <span class='ocrx_word' id='word_1_125' title='bbox 714 2563 819 2614; x_wconf 83' lang='lat' dir='ltr'><strong>superne</strong></span> 
     </span>
     <span class='ocr_line' id='line_1_24' title="bbox 239 2625 849 2692; baseline 0.002 -16"><span class='ocrx_word' id='word_1_126' title='bbox 239 2625 365 2676; x_wconf 89' lang='lat' dir='ltr'><strong>Plurimus</strong></span> <span class='ocrx_word' id='word_1_127' title='bbox 376 2627 479 2676; x_wconf 81' lang='lat' dir='ltr'><strong>Eridani</strong></span> <span class='ocrx_word' id='word_1_128' title='bbox 489 2644 534 2692; x_wconf 86' lang='lat' dir='ltr'><strong>per</strong></span> <span class='ocrx_word' id='word_1_129' title='bbox 545 2627 632 2676; x_wconf 85' lang='lat' dir='ltr'><strong>silvam</strong></span> <span class='ocrx_word' id='word_1_130' title='bbox 643 2627 750 2676; x_wconf 78' lang='lat' dir='ltr'><strong>volvitur</strong></span> <span class='ocrx_word' id='word_1_131' title='bbox 760 2627 849 2678; x_wconf 88' lang='lat' dir='ltr'><strong>amnis.</strong></span> 
     </span>
    </p>

    <p class='ocr_par' dir='ltr' id='par_1_9' title="bbox 238 2705 883 2850">
     <span class='ocr_line' id='line_1_25' title="bbox 238 2705 883 2772; baseline -0.003 -16"><span class='ocrx_word' id='word_1_132' title='bbox 238 2707 287 2756; x_wconf 87' lang='lat' dir='ltr'><strong>Hic</strong></span> <span class='ocrx_word' id='word_1_133' title='bbox 297 2723 384 2756; x_wconf 84' lang='lat' dir='ltr'><strong>manus</strong></span> <span class='ocrx_word' id='word_1_134' title='bbox 394 2707 427 2756; x_wconf 85' lang='lat' dir='ltr'><strong>ob</strong></span> <span class='ocrx_word' id='word_1_135' title='bbox 437 2708 542 2772; x_wconf 86' lang='lat' dir='ltr'><strong>patriam</strong></span> <span class='ocrx_word' id='word_1_136' title='bbox 552 2706 685 2772; x_wconf 80' lang='lat' dir='ltr'><strong>pugnaudo</strong></span> <span class='ocrx_word' id='word_1_137' title='bbox 695 2707 796 2755; x_wconf 83' lang='lat' dir='ltr'><strong>volnera</strong></span> <span class='ocrx_word' id='word_1_138' title='bbox 805 2705 883 2770; x_wconf 79' lang='lat' dir='ltr'><strong>passi,</strong></span> 
     </span>
     <span class='ocr_line' id='line_1_26' title="bbox 240 2784 834 2850; baseline -0.003 -15"><span class='ocrx_word' id='word_1_139' title='bbox 240 2784 339 2850; x_wconf 82' lang='lat' dir='ltr'><strong>Quique</strong></span> <span class='ocrx_word' id='word_1_140' title='bbox 350 2788 487 2837; x_wconf 87' lang='lat' dir='ltr'><strong>sacerdotes</strong></span> <span class='ocrx_word' id='word_1_141' title='bbox 497 2788 569 2848; x_wconf 85' lang='lat' dir='ltr'><strong>casti,</strong></span> <span class='ocrx_word' id='word_1_142' title='bbox 581 2786 639 2836; x_wconf 85' lang='lat' dir='ltr'><strong>dum</strong></span> <span class='ocrx_word' id='word_1_143' title='bbox 649 2786 701 2836; x_wconf 83' lang='lat' dir='ltr'><strong>vita</strong></span> <span class='ocrx_word' id='word_1_144' title='bbox 709 2786 834 2847; x_wconf 85' lang='lat' dir='ltr'><strong>manebat,</strong></span> 
     </span>
    </p>
   </div>
   <div class='ocr_carea' id='block_1_7' title="bbox 0 0 1040 3542">
    <p class='ocr_par' dir='ltr' id='par_1_10' title="bbox 0 0 1040 3542">
     <span class='ocr_line' id='line_1_27' title="bbox 0 0 1040 3542; baseline 0 1"><span class='ocrx_word' id='word_1_145' title='bbox 0 0 1040 3542; x_wconf 95' lang='lat' dir='ltr'><strong> </strong></span> 
     </span>
    </p>
   </div>
  </div>
 </body>
</html>
