2070 3542
363 407 365 410 ·
389 400 577 444 uouemus.
784 407 828 462 ¹69

138 496 172 545 Et
182 495 260 558 dccet,
269 493 374 543 obducta
385 495 495 544 solvatur
504 494 585 543 fronte
596 497 715 543 senectus.

169 575 210 624 To
219 576 278 624 rina
288 574 414 637 Torquato
423 589 494 622 move
503 573 602 623 consule
612 588 700 636 pressa
709 587 773 622 mco.

138 656 228 706 Cetera
237 655 307 703 mitte
318 654 385 716 loqui
395 674 401 703 ε
419 654 479 703 deus
489 654 550 702 haec
560 653 663 702 fortasse
673 652 779 717 benigna

169 734 280 783 Reduoct
290 735 316 782 in
326 733 406 782 eedem
416 734 476 782 vioe.
512 733 584 781 Nunc
594 738 620 780 et
629 730 796 780 Achaemenio

138 815 256 864 Perlnudi
266 814 343 863 nardo
353 814 421 862 iuret
430 822 456 862 at
466 813 515 862 fida
523 813 639 878 Cyllenea

168 897 264 944 levare
273 894 334 943 diris
344 900 443 958 pectora
453 893 663 949 sollicitudinibus,

138 975 234 1024 Nobilis
244 980 273 1023 ut
282 972 371 1037 grandi
381 974 469 1021 cecinit
479 972 618 1022 Centaurus
628 972 726 1021 alumno
735 991 741 1022 r

169 1059 177 1084 ‘
187 1053 282 1102 Invicta
292 1053 402 1100 mortalia
413 1052 459 1100 dea
467 1059 525 1100 nate
536 1067 598 1115 puer
610 1050 722 1113 'lbetide,

137 1132 174 1181 Te
184 1140 267 1181 manet
276 1131 393 1181 Assaraci
404 1132 485 1193 tellus,
496 1146 570 1194 quam
581 1131 672 1195 frigida
680 1131 750 1195 parvi

168 1212 279 1261 Fiuduut
290 1211 433 1261 Scamandri
443 1211 554 1271 flumina,
565 1211 674 1259 lubricus
684 1217 710 1259 et
722 1209 825 1276 Simois3

137 1289 210 1340 Unde
220 1293 265 1340 tibi
276 1292 383 1340 reditum
393 1299 461 1340 certo
471 1291 625 1356 subtegmine
636 1305 724 1354 parcae

169 1371 277 1436 Rupere,
287 1388 332 1422 nec
342 1380 421 1420 meter
429 1372 527 1420 domum
538 1370 636 1419 caerula
646 1378 671 1419 te
680 1370 786 1420 revehet.

136 1451 191 1500 Illic
201 1467 272 1501 omne
281 1452 373 1500 malum
382 1453 439 1500 vino
448 1458 572 1515 cantuque
581 1449 669 1504 levato,

168 1531 293 1582 Deformis
304 1532 468 1598 aegrimoniae
478 1531 591 1579 dulcibus
601 1530 732 1594 alloquiis.’

740 1626 793 1660 xm.

443 1761 535 1798 cxxvi.

225 1905 228 1912 ⁴
322 1872 360 1928 To
376 1875 417 1927 ete
430 1873 532 1927 Roman
546 1874 631 1944 Peopl
646 1914 652 1926 .

142 1988 164 2021 ι’
211 1992 222 2017 ⁴1

168 2052 185 2079 ἦ
205 2007 811 2073 L'PERAiamtoriturbeuiscivilibusaetas,

143 2064 253 2169 purifi}
292 2087 348 2137 Suis
357 2095 383 2137 et
394 2090 447 2153 ipsa
458 2089 537 2138 Roma
547 2089 641 2138 viribus
651 2091 719 2140 ruit:

142 2146 212 2223 iffi
221 2154 253 2219 dl
273 2168 355 2229 Quam
369 2184 448 2233 neque
464 2169 562 2218 finitimi
578 2170 707 2219 valuerunt
723 2170 824 2234 perdere

325 2249 413 2307 Marsi,

164 2327 271 2377 Minacis
281 2336 325 2378 aut
335 2329 442 2378 Etrusca
451 2329 576 2378 Porsenae
586 2344 680 2387 manus,

132 2406 239 2458 Aemula
249 2424 294 2458 ucc
304 2410 382 2458 virtus
393 2408 493 2473 Capuae
503 2425 548 2458 nec
560 2408 692 2473 Spartacus
703 2424 760 2460 acer

165 2487 290 2553 Novieque
301 2490 375 2538 rebus
385 2490 490 2539 infidelis
500 2490 632 2552 Allobrox,

134 2565 185 2616 Nec
196 2568 249 2617 fera
259 2567 372 2617 caerulea
382 2569 476 2618 domuit
488 2568 622 2618 Germania
631 2569 695 2633 pube

164 2647 361 2712 Parentibusque
372 2649 526 2698 abominatus
538 2648 672 2706 Hannibal,

128 2727 212 2792 Impia
221 2728 350 2791 perdemus
361 2727 443 2777 devoti
454 2729 581 2793 sauguinis
591 2735 668 2789 aetas,

164 2807 281 2873 Ferieque
293 2823 378 2858 rursus
389 2809 548 2874 occupabitur
559 2808 645 2858 solum.
