2054 3546
230 407 244 442 2
372 393 604 436 ANTHOLOGIA
624 395 765 436 LATINA.

228 485 283 550 Ego
294 501 347 533 sum
357 485 398 534 ille
411 501 455 534 rex
466 486 608 550 Philippus!
631 487 652 534 O
666 487 775 550 lepidum
784 487 863 536 diem!

231 565 296 612 Nam
306 571 334 614 ut
345 565 435 614 dudum
447 566 504 614 binc
516 566 574 626 abii,
587 567 665 615 multo
674 566 717 614 illo
728 566 814 614 adveni
825 566 901 630 prior,

230 644 359 708 Multoque
370 646 439 708 prius
449 661 488 693 me
498 645 622 694 conlocavi
634 647 660 693 in
671 646 793 702 arborem,

230 719 339 784 Indeque
357 720 537 784 exspectabam,
555 721 598 769 ubi
617 737 705 770 aurum
726 721 886 770 abstrudebat

325 815 407 848 senex,

230 880 282 928 Ubi
293 879 335 928 ille
346 881 415 940 obiit,
426 896 472 945 ego
483 895 521 928 me
533 881 646 928 deorsum
656 881 718 928 duco
729 880 759 928 de
770 881 873 944 arborc3

231 959 337 1008 lleodio
347 959 429 1007 aulam
440 961 495 1008 auri
505 960 611 1024 plenam.
644 961 705 1009 inde
715 976 783 1008 exeo.
816 960 876 1010 Ilico

230 1039 312 1086 Video
323 1039 430 1102 recipere
441 1055 466 1087 se
478 1055 574 1103 scnem3
591 1039 631 1088 illc
642 1055 740 1088 menon
749 1040 822 1088 videt.

230 1119 295 1167 Nam
306 1135 353 1183 ego
363 1119 434 1168 modo
445 1118 564 1168 declinavi
575 1121 674 1184 paulum
684 1120 742 1168 med
752 1127 823 1169 extra
834 1121 898 1169 viam

230 1200 302 1260 Atat,
313 1214 396 1246 eccum
407 1200 504 1262 ipsum!
526 1199 571 1248 Ibo
582 1209 610 1247 ut
621 1200 667 1248 hoc
677 1200 780 1248 condam
790 1201 896 1248 domum.

262 1281 349 1326 Euclio.
368 1277 435 1326 Penii
446 1279 529 1327 interii
539 1279 629 1328 occidi!
656 1279 711 1338 Quo
720 1278 834 1328 curram?
854 1294 903 1342 quo

358 1374 407 1405 non
418 1359 532 1406 curram?

326 1437 392 1484 Teuc
404 1445 459 1486 tene
468 1437 589 1496 z-Qucm
602 1439 656 1500 quis
664 1438 708 1484 l-

231 1517 334 1565 Nescio:
354 1516 390 1562 nil
404 1516 488 1564 video:
512 1531 598 1564 caecus
610 1532 639 1564 eo
655 1523 728 1577 atquc
743 1517 856 1579 equidem
870 1532 920 1579 quo

331 1609 386 1642 eam
398 1601 441 1642 aut
452 1594 495 1642 ubi
506 1596 551 1642 sim
563 1603 606 1643 aut
617 1596 660 1659 qui
671 1596 725 1656 sim,

231 1675 333 1739 Nequeo
348 1689 403 1721 cum
419 1675 501 1722 animo
516 1681 609 1722 certum
627 1675 781 1738 investigare.
814 1676 920 1726 Obsecro

327 1768 370 1800 vos
382 1767 439 1817 ego,
449 1753 510 1800 mihi
520 1752 621 1812 auxilio,

233 1831 283 1880 Oro
298 1831 415 1892 obtestor,
428 1833 490 1893 sitis,
506 1839 531 1880 et
544 1832 666 1880 hominem
682 1833 853 1883 demonstretis
866 1839 909 1899 qui

329 1928 384 1961 eam
395 1912 531 1962 abstulerit.

265 1990 331 2050 Quid
338 1991 393 2040 est?
412 1991 472 2054 quid
482 1990 586 2039 ridetis?
605 1990 671 2039 Novi
681 1994 773 2042 omnis:
790 1995 840 2041 scio
853 1993 920 2042 fures

327 2087 381 2118 osse
391 2071 431 2119 hic
442 2071 573 2134 conpluris,

235 2151 283 2210 Qui
301 2152 394 2199 vestitu
410 2158 435 2199 et
453 2158 521 2199 creta
537 2151 661 2199 occultant
676 2167 729 2200 sese
745 2158 819 2214 atque
835 2151 920 2198 sedent

329 2229 400 2292 quasi
413 2229 462 2276 siut
472 2228 548 2293 ffugi.

266 2307 332 2367 Quid
338 2309 375 2356 ais
385 2308 433 2356 tu?
454 2307 510 2356 'libi
520 2307 620 2356 credere
632 2317 725 2357 certum
733 2315 783 2356 est:
800 2323 858 2356 nam
868 2324 921 2358 esse

328 2387 419 2435 bonum
429 2403 443 2435 e
454 2388 521 2436 voltu
532 2403 658 2452 cognosco.

235 2467 289 2526 Em,
300 2481 371 2514 nemo
381 2466 455 2514 habet
470 2466 725 2516 horum-Occidisti!
747 2467 795 2515 Dic
811 2467 888 2531 igitur
899 2469 921 2517 si

329 2545 384 2608 quis
395 2545 477 2595 babet.
511 2546 616 2594 Nescis?

235 2625 292 2673 Heu
313 2641 352 2674 me
369 2625 500 2674 miserum!
518 2627 606 2674 misere
623 2628 702 2690 perii!
726 2627 793 2676 Male
811 2627 921 2692 perditus

328 2720 441 2769 pessume
452 2713 554 2754 ornatus
564 2722 609 2756 eos

236 2784 342 2834 Tantum
356 2786 441 2850 gemiti
457 2792 483 2835 et
498 2786 576 2836 malae
591 2789 727 2837 maestitiae
744 2787 784 2836 hic
798 2787 850 2837 dies
861 2789 921 2837 mihi

329 2865 426 2931 optulit,
