2054 3546
356 367 567 411 noceamus,
782 383 808 429 ³5

118 461 153 510 At
164 463 251 510 eontra
260 473 382 524 nusquam
394 470 513 526 apparent
524 461 663 510 Acherusia
672 461 764 524 templa

117 539 168 588 Neo
180 538 253 588 tellus
263 539 346 588 obstat
356 543 416 603 quin
427 543 509 589 omnia
519 541 689 605 dispiciantur,

118 616 168 666 Sub
178 618 282 682 pedibus
293 633 461 684 quaecumque
470 619 535 668 infra
543 636 588 684 per
599 621 670 667 inane
681 627 808 684 geruntur.

117 697 163 747 His
174 699 209 747 ibi
221 714 260 747 me
270 699 344 748 rebus
356 700 475 763 quaedam
487 700 570 748 divina
581 699 693 763 voluptas

116 777 224 842 Percipit
235 778 316 843 adque
327 778 423 841 horror,
434 781 499 843 quod
510 781 544 828 sie
555 788 645 828 natura
657 787 699 828 tua
710 780 734 827 vi

117 856 177 906 Tam
188 859 319 908 manifesta
330 865 416 924 patens
427 861 536 908 exomni
546 867 616 924 parte
627 867 718 908 retacta
728 865 772 907 est

709 954 731 987 v.
744 943 807 988 9-30.

423 1081 488 1116 XXX.

240 1195 296 1250 Tae
309 1196 391 1266 Fozzy
403 1199 558 1268 osfearing
571 1201 669 1254 Death.

143 1330 199 1417 ³⁷⁷ng
218 1358 236 1387 ῃ
249 1333 381 1382 ROINDE
394 1333 436 1381 ubi
451 1348 476 1381 se
496 1333 578 1380 videas
595 1332 717 1380 hominem
732 1333 809 1397 indig-

168 1439 212 1487 ‘c‘
226 1414 235 1423 ¹
327 1413 410 1460 narier
420 1413 510 1476 ipsum,

127 1508 150 1541 a:
160 1486 238 1539 etsie.
264 1490 321 1539 Post
329 1500 432 1540 mortem
440 1491 492 1540 fore
501 1499 528 1540 ut
537 1499 580 1540 aut
589 1497 701 1556 putescat
709 1507 810 1556 corpore

212 1578 284 1635 posto

116 1649 169 1696 Aut
180 1647 286 1698 flammis
298 1649 406 1698 interfiat
416 1651 515 1700 malisve
527 1651 644 1711 ferarum,

117 1726 184 1776 Soire
194 1729 253 1777 lieet
263 1745 312 1777 non
323 1730 445 1779 sinoarnm
457 1747 542 1780 sonere
553 1740 626 1795 atque
637 1733 735 1782 subesse

116 1806 222 1856 Caecum
232 1808 340 1872 aliquem
348 1810 415 1858 cordi
422 1810 556 1875 stimulum,
564 1813 674 1876 quamvis
679 1823 753 1877 neget
758 1814 810 1877 ipse

116 1887 222 1937 Credere
229 1903 410 1952 sequemquam
417 1890 566 1938 sibisensum
574 1892 599 1939 in
606 1899 684 1940 morte
691 1893 809 1943 futurum.

116 1967 181 2025 Non,
193 1974 221 2016 ut
232 1969 328 2032 opinor,
338 1970 404 2016 enim
414 1968 457 2017 dat
467 1969 532 2032 quod
542 1973 664 2033 promittit
674 1977 699 2019 et
709 1970 781 2026 unde,

116 2046 168 2095 Nee
179 2047 298 2096 radicitus
309 2063 323 2096 e
335 2049 386 2097 vita
397 2064 423 2096 sa
435 2049 498 2098 tollit
509 2056 534 2098 et
544 2051 609 2107 eicit,

117 2126 164 2175 Sed
175 2127 235 2176 iacit
245 2142 299 2176 esse
310 2129 348 2176 sui
359 2128 477 2191 quiddam
489 2145 562 2193 super
573 2131 664 2178 insoius
677 2132 735 2194 ipse.

117 2207 196 2256 Vivus
207 2209 273 2255 enim
286 2207 334 2256 sibi
344 2223 400 2256 oum
412 2210 527 2273 proponit
537 2211 641 2274 quisque
652 2210 772 2272 futurum,

117 2283 212 2350 Corpus
222 2285 261 2335 uti
272 2285 382 2335 volueres
392 2285 500 2336 laoereut
511 2289 537 2336 in
547 2298 626 2337 morte
636 2289 760 2352 feraeque,

117 2363 172 2427 Ipse
184 2366 221 2413 sui
234 2365 352 2429 miseret3
370 2368 524 2428 nequeenim
537 2383 562 2416 se
573 2369 658 2416 dividit
668 2368 728 2416 illim

118 2443 169 2492 Neo
180 2452 290 2494 removet
301 2446 361 2494 satis
371 2461 387 2493 a
397 2448 505 2510 proiecto
516 2463 617 2512 corpore
628 2457 653 2497 et
664 2448 733 2496 illum

120 2523 150 2572 Se
160 2524 233 2590 fingit
244 2540 367 2590 sensuque
378 2541 422 2574 suo
431 2527 582 2576 contaminat
593 2534 682 2576 astans.

118 2602 182 2653 Hine
192 2605 338 2669 indignatur
348 2620 374 2653 se
386 2606 511 2654 mortalem
522 2623 573 2656 esse
583 2618 701 2664 creatum,

119 2682 170 2733 Nee
180 2684 249 2733 videt
260 2685 287 2731 in
297 2698 356 2731 vera
367 2683 461 2732 nullum
473 2685 525 2734 lore
535 2695 615 2735 morte
626 2686 699 2734 ulium
712 2701 737 2734 sa

120 2762 167 2822 Qui
177 2763 257 2828 possit
267 2764 338 2812 vivus
348 2763 395 2812 sibi
405 2780 430 2813 se
441 2764 525 2830 lugere
535 2775 687 2831 peremptum
