2054 3546
362 371 550 416 carusius.
635 371 637 376 ’
755 376 787 432 ⁶3

94 461 167 513 Certe
177 479 226 530 ego
234 471 259 513 te
271 466 298 514 in
308 465 389 514 medio
399 471 536 513 versantem
547 463 644 512 turbine
653 461 698 512 leti

95 542 190 607 Eripuit,
201 552 228 593 et
239 545 323 608 potius
334 560 476 609 germanum
487 545 601 592 emittere
610 544 686 608 eresi,

96 621 178 683 Quum
189 625 235 673 tibi
246 624 328 674 lulleei
340 640 452 689 supremo
463 626 489 674 in
499 631 608 688 tempore
618 623 733 673 deessem.

97 701 147 752 Pro
159 718 209 767 quo
219 703 376 754 dileeersnde
384 704 443 753 feris
454 705 531 753 deber
541 703 688 768 alitibusque

98 782 203 840 Prsede,
214 798 294 847 neque
304 785 395 833 iniectu
406 784 545 833 tumulabor
556 790 653 834 mortus
662 790 738 834 terre.

129 862 258 923 Quesnem
271 871 295 912 te
303 865 389 928 gennit
400 864 451 913 sole
462 864 507 912 sub
518 880 578 928 rupe
588 864 682 921 lenens,

99 943 171 1004 Quod
181 959 250 992 mere
260 950 403 1008 eoneeptum
415 944 584 1008 spumantibus
595 946 682 1008 expuit
691 944 772 1006 undis,

99 1023 169 1083 Quae
181 1021 273 1087 Syrtis,
280 1038 343 1088 ques
354 1023 437 1088 Seyllu
447 1039 535 1088 rspex,
542 1039 605 1089 quse
616 1031 685 1072 veste
695 1023 788 1088 Ceryle

195 1101 243 1164 dis,

100 1183 173 1232 Telis
183 1184 227 1248 qni
237 1182 320 1231 reddis
331 1198 376 1248 pro
386 1183 451 1233 dulei
462 1185 570 1248 praemis
580 1184 653 1234 viu?

100 1263 128 1312 Si
138 1263 184 1313 tibi
194 1278 243 1312 non
254 1263 323 1312 sordi
334 1263 432 1313 luerent
441 1265 562 1313 connubia
573 1271 666 1325 nostru,

101 1343 181 1394 Saeve
191 1343 257 1408 quod
267 1343 385 1393 horrebas
395 1345 470 1408 prisci
481 1351 612 1409 praecepte
623 1344 741 1408 parentis,

100 1425 139 1472 At
149 1430 231 1472 tumen
241 1425 267 1471 in
279 1431 374 1473 vestras
384 1425 486 1488 potuisti
498 1423 586 1472 dueere
598 1423 674 1484 sedes,
732 1419 736 1429 '

101 1502 172 1562 Ques
180 1503 226 1552 tibi
237 1503 340 1552 iocunde
351 1504 483 1553 famularer
493 1519 564 1553 serve
573 1503 665 1567 lubere,

101 1581 214 1631 Candide
224 1582 376 1647 permulcens
387 1582 486 1648 liquidis
496 1584 600 1648 vestigia
610 1582 728 1648 lymphis,

101 1663 261 1728 Purpureeve
273 1671 341 1712 tuum
354 1672 511 1712 consternens
522 1673 588 1714 veste
599 1664 687 1715 cubile.

102 1742 152 1792 Sed
163 1742 224 1807 quid
234 1759 281 1807 ego
292 1742 385 1808 ignuris
396 1744 558 1807 nequicquam
569 1759 706 1809 conquerar
717 1747 794 1802 euris,

101 1823 241 1871 Externats
251 1821 325 1882 mulo,
338 1838 401 1886 quue
411 1823 486 1871 nullis
497 1823 607 1871 sensibus
617 1831 702 1873 suetae

102 1903 156 1952 Nee
166 1904 253 1951 misses
264 1902 350 1951 audire
361 1910 455 1968 queunt
464 1917 508 1951 nee
519 1903 623 1952 reddere
634 1904 724 1953 voees?

102 1982 149 2032 Ille
161 1989 244 2030 eutem
255 1997 332 2046 prope
343 1983 392 2029 iarn
403 1982 490 2031 mediis
500 1989 612 2031 versetur
621 1983 647 2031 in
658 1983 739 2041 undis,

103 2061 156 2110 Nee
168 2063 300 2126 quisquam
311 2068 415 2125 epperet
425 2076 502 2110 venue
512 2062 623 2111 mortuiis
634 2064 659 2110 in
670 2063 734 2128 sige.

103 2140 145 2191 Sic
154 2141 228 2190 nimis
238 2139 361 2189 insultans
372 2147 482 2189 extremo
493 2147 601 2204 tempore
613 2157 685 2191 suere

103 2221 166 2270 Fors
175 2222 252 2269 etism
263 2221 355 2268 nostris
366 2220 454 2269 invidit
464 2221 591 2284 questibus
602 2222 676 2272 euris.

103 2299 218 2365 Iuppiter
229 2299 394 2362 omnipotens,
405 2301 499 2348 utinam
510 2315 542 2348 ne
554 2307 662 2365 tempore
672 2301 752 2365 primo

103 2381 198 2430 Gnosis
204 2379 340 2444 Cecropiae
349 2380 488 2443 tetigissent
497 2379 572 2428 litoru
581 2396 685 2446 puppes,

103 2461 228 2510 Indomite
239 2475 285 2508 nee
296 2458 352 2507 diru
362 2459 443 2508 ierens
454 2459 574 2524 stipendia
587 2468 658 2510 teuro

102 2539 217 2590 Perfidus
227 2540 255 2588 in
265 2537 343 2588 Orets
353 2538 481 2602 religasset
490 2541 572 2588 nevits
582 2539 675 2603 finem,

103 2619 157 2668 Nee
166 2617 247 2667 mulus
256 2616 298 2666 hie
308 2615 392 2666 eeluns
401 2616 467 2666 dulei
478 2617 587 2667 erudelis
597 2619 678 2669 forme

104 2696 224 2760 Consilia,
235 2697 263 2746 iu
273 2697 367 2746 uostris
377 2696 513 2761 requiesset
523 2697 621 2746 sedibus
632 2696 732 2762 hospes!

402 2789 474 2826 ιω.
487 2779 567 2838 tots,
579 2781 676 2840 88-115,
689 2781 799 2828 let-176.
