2110 3540
380 373 556 444 LUCANUQ
772 385 818 434 &3

125 468 181 518 Vir
190 465 301 528 nuribus,
311 480 415 531 rapuere
425 483 519 516 mares:
537 465 641 515 fecunda
649 465 757 514 virorum

124 549 264 613 Paupertas
274 547 370 611 fugitur
380 567 387 611 3
405 555 506 610 totoque
517 547 652 596 accersitur
662 544 729 599 orbs,

126 628 183 688 Quo
190 643 251 692 gens
259 629 448 690 quaequeperit.
482 622 819 689 'lbrmlongosiungerefines

127 709 264 772 Agrorum,
275 714 299 755 et
311 708 432 770 quondam
445 708 506 755 duro
518 707 611 756 sulcata
620 705 717 754 Camilli

127 788 244 848 Vomere,
254 793 280 834 et
289 787 403 849 antiquos
415 786 546 834 Curiorum
557 801 629 850 passa
639 786 731 849 ligones

127 866 215 931 Longa
225 866 271 914 sub
280 867 371 931 ignotis
382 867 515 914 extendere
526 881 586 914 rura
595 865 692 914 colonis.

128 945 185 994 Non
194 951 248 993 erat
259 945 280 993 is
290 946 404 1009 populus,
415 961 485 1008 quem
497 961 548 1010 pax
558 944 691 1008 tranquilla
702 944 805 998 iuvaret,

128 1023 209 1083 Quem
220 1040 265 1073 sua
275 1025 375 1094 libertas
386 1027 493 1073 immotis
504 1033 616 1088 pasceret
627 1025 709 1072 armis.

128 1105 191 1153 lude
201 1107 253 1154 irae
264 1105 363 1168 faciles3
380 1111 414 1167 et,
425 1105 491 1168 quod
502 1105 619 1152 suasisset
629 1110 734 1166 egestam,

129 1188 189 1236 Vile
196 1189 279 1252 nefos3
289 1202 455 1252 magnumque
464 1187 546 1246 decus,
555 1187 669 1249 ferroque
677 1183 817 1248 petendum,

130 1268 190 1318 Plus
199 1270 280 1333 patria
289 1269 397 1330 potuisse
407 1283 466 1330 sus3
484 1280 646 1328 mensuraque
656 1265 718 1313 iuris

129 1349 179 1396 Vis
189 1355 242 1396 erat
253 1367 258 1396 :
276 1348 333 1395 hinc
344 1347 410 1410 leges
421 1355 446 1395 et
456 1345 534 1410 plebis
544 1347 605 1394 scita
614 1351 720 1403 coactae,

129 1429 164 1476 Et
174 1429 230 1476 erim
240 1428 380 1477 oonsulibus
391 1427 518 1475 turbantes
529 1428 584 1474 iura
595 1425 702 1474 tribuni=

131 1507 197 1556 Hinc
206 1509 271 1571 rapti
281 1507 359 1555 fasces
370 1508 459 1571 pretio,
471 1514 597 1569 sectorque
608 1505 700 1554 favoris

131 1588 188 1650 lpse
200 1588 238 1635 aui
247 1586 367 1651 populus3
384 1586 513 1648 letalisque
523 1586 630 1634 ambitus
640 1583 704 1645 urbi,

133 1668 225 1715 Annua
235 1667 314 1716 venali
325 1665 433 1714 referens
443 1667 579 1714 certamina
589 1665 696 1729 Campo:

132 1746 198 1795 Hinc
208 1761 284 1796 usura
293 1762 379 1806 vorax,
389 1746 536 1810 avidumque
547 1747 573 1794 in
583 1752 695 1809 tempora
703 1743 781 1792 lenus.

132 1827 167 1874 Et
176 1841 294 1875 concussa
303 1826 372 1888 fides,
383 1833 408 1874 et
419 1825 503 1874 multis
513 1825 573 1874 utile
584 1825 682 1873 bellum.

634 1908 777 1952 amm&

414 2003 541 2038 cnxxvm.

310 2100 411 2153 Caesar
421 2105 449 2150 ot
461 2098 503 2149 tle
517 2097 642 2149 Rubicon.

162 2286 243 2339 ςἋ

151 2344 175 2399 ἰ
183 2290 255 2405 ..iffi
275 2366 439 2431 Ingentesque
450 2367 532 2414 animo
539 2373 628 2423 motus.
634 2364 773 2428 bellumque
783 2363 822 2412 sn·

240 2454 323 2495 turum

135 2528 249 2591 Ceperat
276 2526 312 2576 Ut
318 2533 417 2574 ventum
423 2532 462 2574 est
472 2525 542 2588 parvi
552 2522 685 2572 Rubiconis
695 2521 726 2572 sd
737 2522 834 2588 untias,¹

136 2607 229 2671 Ingens
243 2607 295 2656 visa
305 2605 362 2654 duci
371 2605 471 2654 Patriae
482 2603 626 2667 trepidantis
637 2605 718 2667 imago

135 2687 211 2736 Clara
219 2702 265 2750 per
274 2685 402 2735 obscuram
412 2683 482 2732 vultu
492 2684 654 2732 maestissima
663 2688 767 2742 noctem,

137 2767 269 2831 Turrigero
279 2781 352 2814 canos
362 2764 489 2813 effundens
499 2764 589 2811 vertice
599 2767 686 2823 crines,
