2054 3546
337 370 471 415 ulum
478 372 527 415 US.

84 463 209 528 Egressus
220 462 305 512 curvis
316 478 330 511 a
341 463 454 514 litoribus
464 464 547 514 Piraei

87 542 184 607 Attigit
203 543 292 591 iniusti
302 545 369 608 regis
379 544 499 610 Gortynis
509 543 609 608 templa.

184 674 199 701 Ο
298 672 312 701 Ο
408 672 422 701 ff
518 672 531 701 Ι
626 672 640 701 Ο

90 781 164 830 Hunc
175 782 249 831 simul
260 798 290 832 ac
299 783 387 847 cupido
397 784 525 847 conspexit
534 783 625 832 lumine
634 784 704 850 virgo

91 863 179 925 Regia.
190 878 267 925 quem
277 863 360 911 suavis
369 863 486 927 expirans
495 870 577 912 custus
587 862 674 912 odores

91 941 207 992 lectulus
219 944 245 991 in
255 943 323 992 molli
333 942 461 1006 complexu
471 943 556 990 matris
565 942 655 1002 alebat,
777 926 781 937 ¹

91 1021 182 1081 Quales
193 1022 303 1070 Eurotae
313 1022 463 1086 progignunt
471 1021 573 1070 flumina
582 1028 689 1085 myrtus,

91 1101 193 1149 Aurave
203 1101 333 1150 distinctos
343 1101 425 1150 educit
435 1116 511 1150 verua
520 1101 621 1162 colores,

93 1181 150 1229 Nou
159 1184 231 1246 prius
241 1196 274 1229 ex
286 1181 327 1230 illc
335 1180 467 1246 flagrantia
477 1181 607 1230 declinavit

92 1263 207 1322 Lumina,
218 1277 293 1325 quam
302 1268 391 1310 cuncto
401 1263 512 1325 concepit
522 1275 623 1324 corpore
633 1259 756 1310 flammam

92 1342 214 1391 Funditus
225 1349 300 1405 atque
309 1342 365 1390 imis
376 1343 469 1390 exarsit
480 1348 532 1390 tota
541 1339 662 1389 medullis.

95 1421 151 1470 Heu
162 1422 250 1470 mucre
262 1422 390 1486 exagitans
400 1422 489 1469 immiti
498 1419 572 1469 corde
580 1419 676 1470 furores

93 1499 183 1549 Sancte
194 1514 265 1563 puer,
275 1501 341 1548 curis
352 1499 477 1548 hominum
490 1501 532 1563 qui
542 1499 633 1563 gaudia
643 1499 737 1560 misces,

92 1580 211 1644 Quaeque
217 1579 384 1644 regisGolgos
391 1595 501 1643 quaeque
506 1579 612 1628 Idalium
619 1578 772 1641 frondosum,

92 1659 214 1718 Qualibus
225 1661 347 1708 incensam
358 1659 468 1708 iactastis
478 1666 559 1706 mente
569 1657 675 1721 puellam

90 1739 220 1788 Fluctibus
230 1740 257 1786 in
266 1739 330 1788 flavo
341 1754 413 1803 saepe
423 1739 519 1802 hospite
530 1738 705 1802 suspirantem!

91 1817 203 1877 Quantos
214 1818 257 1866 illa
268 1817 326 1867 tulit
336 1817 462 1882 languenti
473 1817 545 1866 corde
553 1817 668 1866 timores!

91 1897 193 1957 Quanto
204 1913 278 1961 saepe
287 1899 367 1962 magis
376 1897 473 1962 fulgore
483 1896 603 1961 expalluit
613 1897 680 1945 auri!

90 1977 153 2028 unm
165 1992 266 2026 saevum
275 1979 375 2041 cupiens
385 1984 471 2026 contra
481 1975 626 2026 contendere
637 1981 774 2024 monstrum
858 1993 861 2000 ·

90 2056 145 2107 Aut
151 2069 256 2106 mortem
262 2065 388 2122 oppeteret
399 2057 508 2106 Theseus
518 2064 562 2106 aut
572 2056 681 2121 praemia
691 2054 779 2105 laudis.

91 2137 148 2187 Non
157 2139 258 2203 ingrata
269 2146 351 2188 umen
361 2139 454 2188 frustra
464 2137 608 2187 munuscula
617 2137 680 2186 divis

91 2218 242 2268 Promittens
254 2220 329 2268 tacito
340 2218 465 2268 succendit
475 2225 532 2266 vota
542 2215 637 2265 labello.

91 2295 156 2346 Nem
166 2296 270 2348 velutin
282 2314 377 2347 summo
387 2299 535 2361 quatientem
547 2296 647 2345 brachis
658 2294 742 2344 Tauro

91 2376 215 2436 Quorsum
227 2385 272 2425 sut
281 2378 419 2441 conigeram
431 2376 530 2425 sudanti
539 2376 629 2424 cortice
639 2375 725 2439 pinum

90 2455 242 2506 Indomitum
253 2455 327 2505 turbo
335 2463 498 2518 contorquens
509 2455 607 2503 flamine
619 2454 702 2512 robur,

90 2534 163 2585 Emit
173 2534 228 2598 (illa
238 2535 325 2599 procul
336 2535 454 2584 radicitus
464 2535 595 2582 exturbata

91 2615 173 2664 Prona
183 2615 260 2677 cadit,
271 2613 370 2677 lateque
380 2624 406 2662 et
416 2616 525 2663 cominus
535 2613 608 2662 obvia
617 2611 753 2675 frangens),

91 2692 130 2743 Sic
140 2694 235 2744 domito
246 2708 346 2742 saevum
356 2694 487 2756 prostravit
497 2707 597 2756 corpore
608 2690 717 2738 Theseus

91 2773 262 2838 Nequicquam
273 2774 343 2820 vanis
354 2772 483 2822 iactantem
495 2787 586 2822 cornua
593 2769 678 2819 ventis
