2070 3542
225 390 270 425 120
360 373 593 418 ANTHOLOGIA
619 376 762 419 LATINA.

222 465 317 516 Ultoris
328 465 411 526 Bruti,
423 467 550 530 fascesque
561 467 644 517 ridere
652 469 785 534 receptos?

220 544 334 594 Consulis
340 545 467 610 imperium
479 547 520 595 bio
530 549 626 612 primus
637 564 771 612 saevasque
782 565 880 600 secures

220 625 343 688 Accipiet,
354 634 474 688 natosque
484 635 555 689 pater
564 641 628 675 nova
639 627 702 676 belle
712 630 834 677 moventis

220 698 264 752 Ad
274 720 377 769 poenam
387 705 491 769 pulchra
501 722 548 770 pro
556 706 670 756 libertate
681 708 785 757 vocabit.

221 785 326 834 Infelix:
349 785 489 850 Utcumque
502 787 581 836 ferent
592 803 622 836 ea
633 787 700 837 fecta
710 790 825 846 minores,

221 865 313 914 Vincet
323 881 392 914 amor
402 868 498 930 patriae
509 867 660 932 laudumque
671 869 782 917 inmensa
792 869 891 934 cupido.

221 944 289 1004 Quin
299 947 388 994 Decios
400 947 545 1010 Drusosque
556 947 641 1012 procul
653 963 801 1011 saevumque
812 949 892 997 securi

220 1024 314 1088 Aspice
326 1024 481 1088 Torquatum
490 1033 517 1074 et
527 1026 673 1075 referentem
684 1027 756 1091 signa
766 1026 905 1077 Camillum.

220 1103 282 1151 Illae
293 1111 384 1167 autem,
392 1104 494 1168 paribus
507 1120 569 1169 quas
580 1105 676 1170 fulgere
686 1107 766 1156 cernis
778 1109 804 1155 in
815 1108 899 1168 umis,

220 1183 358 1232 Concordes
369 1185 465 1234 animae
475 1201 540 1234 nunc
551 1193 577 1234 et
586 1185 644 1234 dum
654 1193 725 1235 nocte
734 1196 889 1251 premuntur,

220 1262 277 1311 Heu
288 1271 407 1327 quantum
418 1267 483 1313 inter
494 1281 520 1314 se
530 1265 630 1323 lellum,
642 1268 663 1315 si
672 1265 766 1316 lumine
776 1267 842 1316 vitae

219 1342 368 1408 Attigerint,
379 1352 485 1408 quantas
496 1347 561 1394 acies
570 1353 725 1410 stragemque
735 1347 845 1414 ciebunt,

221 1421 365 1486 Aggeribus
377 1439 445 1472 socer
456 1425 555 1488 Alpinis
566 1433 640 1488 atqua
651 1441 707 1474 arce
719 1426 832 1476 Monoeci

220 1500 386 1560 Descendens,
397 1519 473 1566 gener
483 1505 593 1553 adversis
604 1507 740 1554 instructus
751 1506 817 1556 Eois.

220 1581 269 1642 Ne,
277 1583 359 1646 pueri,
370 1597 401 1630 ne
411 1589 481 1631 tanta
492 1585 581 1634 animis
591 1585 727 1635 adsuescite
738 1586 810 1646 bella,

219 1661 276 1710 Neu
285 1663 381 1724 patriae
393 1662 486 1712 validas
498 1666 524 1712 in
534 1665 629 1714 viscera
639 1667 727 1715 vertite
738 1667 819 1733 vires,

221 1739 309 1804 Tuque
321 1743 397 1801 prior,
409 1749 436 1790 tu
447 1758 529 1807 parce,
541 1761 620 1808 genus
630 1746 674 1808 qui
685 1745 754 1795 ducis
765 1746 882 1812 Olympo,

220 1818 307 1869 Proice
328 1821 377 1870 tels
387 1837 470 1886 manu,
482 1826 582 1888 sanguis
593 1840 702 1875 meus.-

219 1901 264 1950 llle
276 1902 432 1967 triumphata
443 1904 567 1967 Capitolia
577 1905 608 1954 ad
621 1905 672 1954 alta
681 1904 801 1955 Corintho

218 1982 307 2032 Victor
318 1991 376 2049 aget
386 1996 495 2046 currum,
506 1987 583 2034 caesis
594 1986 696 2050 insignis
708 1985 821 2036 Achivis.

218 2063 296 2112 Eruet
305 2064 347 2112 ille
358 2064 441 2128 Argos
453 2066 709 2128 Agamemnoniasque
720 2066 849 2130 Mycenes,

217 2142 351 2206 Ipsumque
361 2142 496 2202 Aeaciden,
505 2161 584 2208 genus
594 2146 764 2209 armipotentis
775 2147 880 2210 Achilli,

217 2220 293 2269 Ultus
303 2236 361 2269 avos
371 2219 471 2283 Troiae,
480 2222 573 2286 templa
583 2232 609 2273 et
616 2231 735 2278 lementa
745 2224 879 2275 Minervae.

217 2299 280 2360 Quis
292 2308 325 2361 te,
336 2315 425 2364 magna
439 2302 634 2366 Catameitum,
645 2311 689 2352 aut
701 2312 732 2363 te,
744 2304 829 2366 Cossa,
839 2306 911 2356 relin-

311 2387 372 2443 quat
382 2379 394 2426 l

216 2459 279 2520 Quia
285 2458 393 2510 Gracchi
399 2474 484 2522 genus,
491 2466 537 2508 ant
545 2463 663 2525 geminos,
669 2460 719 2511 duo
727 2461 833 2512 fulmina
843 2463 911 2522 belli,

216 2538 352 2604 Scipiadas,
363 2537 457 2587 cladem
472 2538 576 2605 Libyae,
587 2556 712 2606 parvoque
723 2549 848 2607 potentem

215 2620 367 2682 Fabricium,
377 2617 416 2666 vel
426 2625 451 2668 te
463 2621 539 2682 sulco,
552 2619 666 2681 Serram,
680 2622 820 2684 serentem?

215 2700 270 2760 Quo
281 2701 373 2750 fessum
385 2699 482 2761 rapitis,
493 2700 567 2748 Fabii
578 2701 589 2748 i
607 2709 634 2750 tu
644 2699 780 2754 Maxumus
789 2699 831 2750 ille
842 2715 878 2763 es,

215 2779 286 2830 Unus
297 2781 340 2845 qui
350 2777 421 2828 nobis
433 2779 570 2830 cunctando
585 2780 696 2831 restituis
707 2797 766 2832 rena
