2070 3542
227 385 273 428 126
364 377 596 422 Anruotoum
623 379 766 425 mrsu.

223 472 257 520 Et
268 473 337 520 iuxta
347 486 427 520 eomes
438 471 570 537 Euryalus,
581 489 630 537 quo
640 474 767 538 pulchrior
777 477 841 526 ulter

223 549 281 599 Non
290 551 338 600 fuit
348 549 493 600 Aeneadum
504 552 612 602 Troiane
622 570 701 618 neque
711 556 793 606 induit
805 572 884 614 erma,

223 631 275 678 Ore
284 646 346 695 puer
356 633 436 695 prima
446 633 546 696 signans
558 634 655 682 intonsa
666 635 775 684 iuventa.

224 709 272 758 His
283 725 352 758 umor
363 726 427 758 unus
438 719 502 772 erat,
513 713 654 777 pariterque
665 714 692 762 in
703 715 767 762 bella
777 715 898 781 ruebant3

223 789 288 838 Tum
298 805 395 854 quoque
404 792 525 849 eommuni
536 798 633 866 portpm
644 793 748 841 statione
759 795 885 843 tenebunt.

222 870 298 918 Nisus
309 871 360 920 aitz
381 868 439 918 diue
450 870 515 919 hunc
526 871 639 919 ardorem
649 871 772 921 mentibus
783 872 886 934 addunt,

222 950 337 1014 Euryale,
348 966 381 998 an
390 953 533 1014 unucuique
544 950 604 999 deus
618 951 647 1000 fit
658 951 713 1000 dira
722 952 832 1016 cupido?

221 1030 277 1079 Aut
287 1046 394 1094 pugnum
413 1036 456 1078 uut
466 1029 561 1094 aliquid
571 1031 713 1079 iamdudum
724 1032 839 1081 invadere

317 1125 435 1174 magnum

222 1189 294 1237 Mens
305 1190 384 1254 agitat
394 1189 454 1238 mihi
474 1205 519 1238 neo
529 1189 625 1254 pleoidu
633 1197 747 1240 contentu
758 1193 840 1255 quiete
851 1202 896 1244 est

221 1268 317 1331 Cernis,
329 1285 392 1334 quoe
404 1269 508 1318 Rutulos
519 1269 705 1320 habeutfiduciu
715 1288 814 1322 rerum:

220 1347 326 1398 Lumine
337 1365 394 1400 reru
405 1351 509 1414 micant3
528 1365 612 1398 somno
622 1352 727 1414 vinoque
738 1352 810 1401 soluti

220 1427 391 1492 Procubuere3
409 1428 481 1476 silent
492 1429 541 1477 luto
552 1429 611 1478 loos.
645 1428 747 1494 Percipe
757 1446 837 1495 porro,

220 1506 288 1569 Quid
296 1506 404 1556 dubitem
422 1516 448 1556 et
456 1523 519 1571 quse
527 1524 591 1558 nunc
599 1509 680 1558 animo
689 1512 808 1560 sententie
815 1521 909 1577 surgat.

220 1587 324 1636 Aenean
336 1587 410 1635 uniri
421 1602 514 1648 omnes,
522 1587 676 1652 populusque
689 1595 827 1654 putresque,

219 1667 363 1730 Exposount
381 1666 494 1729 mittique
504 1667 578 1728 viros,
590 1668 633 1730 qui
643 1674 710 1716 uerte
720 1675 853 1732 reportent.

219 1743 247 1792 Si
267 1743 312 1792 tibi
323 1758 385 1807 quse
395 1758 469 1807 poseo
488 1745 644 1807 promittunt,
675 1760 733 1793 num
743 1745 803 1794 mihi
813 1745 873 1796 fuoti

218 1823 295 1871 Fame
306 1830 344 1871 sut
353 1829 400 1884 est,
432 1822 527 1872 tumulo
535 1822 619 1872 videor
628 1825 737 1888 reperire
746 1824 792 1873 sub
803 1825 845 1874 illo

218 1901 293 1951 Posse
304 1907 369 1951 vium
380 1902 412 1951 ad
421 1919 504 1951 muros
516 1909 541 1952 et
550 1905 646 1952 moenie
657 1903 790 1952 Pallentes.

218 1983 344 2047 Obstipuit
355 1998 446 2048 magno
457 1982 556 2031 laudum
565 1999 694 2048 percussus
705 1999 786 2033 umore

217 2063 341 2128 Euryalus
351 2083 358 2128 3
376 2063 447 2112 simul
458 2063 496 2112 his
508 2063 634 2112 ardentem
645 2063 744 2112 adfatur
754 2065 873 2115 amioum=

218 2143 291 2191 Mene
303 2143 380 2208 igitur
391 2145 483 2192 socium
494 2144 594 2192 summis
605 2143 738 2208 adiungere
749 2143 830 2204 rebus,

216 2223 287 2286 Nise,
297 2223 383 2288 fugis?
401 2223 479 2272 solum
490 2229 514 2271 te
525 2223 552 2270 in
561 2229 631 2271 tenta
642 2223 753 2287 periculo
762 2221 879 2273 mittum?

217 2304 274 2353 Non
284 2303 320 2351 itu
329 2318 368 2350 me
379 2304 484 2367 genitor,
495 2302 566 2351 bellis
577 2302 692 2350 adsuetus
704 2301 830 2366 Opheltes,

215 2383 361 2449 Argolicum
372 2389 491 2430 terrorem
499 2383 563 2430 inter
575 2381 711 2446 Troiaeque
722 2382 817 2432 labores

216 2464 345 2515 Sublatam
355 2462 454 2527 erudiit,
478 2477 523 2510 neo
534 2469 614 2512 teoum
624 2462 684 2511 tolia
693 2463 768 2528 gessi,

216 2545 402 2610 Magnanimum
413 2542 516 2590 Aenean
526 2550 552 2592 et
563 2543 614 2591 fsto
624 2550 734 2592 extreme
745 2551 856 2592 secutus:

214 2625 261 2676 Est
271 2625 319 2687 hio,
330 2619 367 2671 e'st
377 2623 473 2671 unimus
482 2623 543 2671 lucis
553 2629 704 2686 contemptor
723 2630 747 2671 et
757 2623 833 2671 istum

214 2703 264 2766 Qui
276 2707 326 2754 vitu
337 2704 398 2753 bene
409 2702 493 2751 eredat
503 2705 563 2764 emi,
572 2717 620 2766 quo
632 2701 719 2762 tendis,
730 2701 855 2753 honorem.

310 2787 324 2816 0
389 2787 404 2814 0
468 2785 481 2812 Ι
547 2785 561 2813 Q
626 2785 639 2809 ί
704 2784 717 2812 Q
785 2784 797 2814 R
