2070 3542
350 407 549 452 rsncmcs.
762 421 793 471 7⁵

107 499 169 562 Quis
182 506 282 550 caneret
295 499 446 566 Nymphas?
467 503 522 565 quis
537 500 639 550 humum
652 499 795 550 florentibus

202 581 285 630 herbis

108 661 248 725 spargeret,
258 667 302 709 aut
312 661 385 710 viridi
395 661 469 709 fontis
478 660 604 708 induceret
614 660 720 709 umbra?

106 741 157 790 Vel
167 757 231 804 quae
242 741 336 806 sublegi
347 743 437 789 tacitns
447 741 492 790 tibi
503 742 611 789 carmina
620 755 708 805 nuper,

106 821 170 872 Cum
181 829 206 869 te
217 821 249 869 ad
259 821 357 869 delicias
367 821 452 877 ferres,
463 821 628 884 Amaryllida,
639 826 735 868 nostras
742 819 758 867 t

106 902 123 928 “
135 899 233 966 Tityre,
245 899 304 948 dnm
314 897 498 949 redae-brevis
510 906 547 948 est
559 900 702 963 via-pasce
712 897 790 964 capel·

203 979 248 1041 las,

105 1059 140 1108 Et
150 1066 235 1123 potum
246 1065 329 1122 pastas
339 1073 394 1122 age,
405 1057 501 1122 Tityre,
511 1064 537 1107 et
547 1058 610 1105 inter
621 1055 743 1121 agendum

106 1140 243 1188 Occursare
252 1155 335 1202 capre,
344 1153 420 1186 cornu
432 1137 489 1187 ierit
499 1137 548 1195 ille,
556 1137 663 1185 caveto.''

137 1220 174 1266 M.
191 1218 271 1267 Immo
288 1217 356 1276 haec,
375 1231 438 1280 quaa
455 1216 525 1264 Varo
543 1215 647 1264 necdum
665 1215 773 1279 perlecta

201 1297 320 1345 canebat:

106 1380 124 1406 “
132 1375 212 1437 Vars,
223 1383 294 1424 tuum
304 1391 400 1437 nomen,
411 1381 509 1440 superet
519 1374 591 1422 medo
602 1373 706 1423 Mantua
716 1374 794 1437 nobis,

105 1455 220 1513 Mantua,
229 1471 284 1516 vae,
295 1457 398 1504 miserae
409 1456 511 1504 nimium
522 1456 602 1504 vicina
612 1455 755 1517 Cremonae,

105 1535 242 1584 Cantantes
253 1534 357 1584 sublime
366 1535 446 1583 ferent
456 1535 488 1583 ad
498 1535 577 1583 sidera
587 1536 683 1599 cycni.”

138 1618 169 1664 L.
186 1614 227 1663 Sic
237 1621 281 1662 tua
289 1614 400 1679 Cyrneas
411 1615 507 1678 fugiant
517 1617 633 1663 examina
643 1623 723 1677 taxos,

106 1693 148 1743 Sic
159 1694 239 1758 cytiso
249 1701 334 1757 pastae
342 1693 482 1742 distendant
492 1694 568 1742 ubera
578 1709 673 1756 vaccae,

106 1773 202 1837 Incipe,
214 1773 235 1820 si
246 1772 305 1835 quid
315 1772 401 1821 habea.
433 1772 467 1821 Et
477 1788 516 1820 me
526 1773 605 1822 fecere
614 1781 711 1837 poetam

105 1852 231 1915 Pierides3
248 1858 305 1900 sunt
312 1858 337 1900 et
346 1851 408 1912 milii¹
416 1853 539 1916 earmina3
552 1867 591 1900 me
602 1867 699 1916 queque
709 1851 794 1901 dicunt

106 1932 198 1980 Vatem
207 1938 318 1994 pastores
329 1949 336 1994 3
355 1931 397 1979 sed
407 1946 456 1980 nen
466 1945 512 1995 ege
523 1931 635 1979 credulus
646 1931 703 1980 illis.

106 2010 172 2059 Nam
184 2025 264 2073 neque
273 2009 353 2058 adhue
361 2008 441 2058 Vario
451 2010 542 2072 videor,
552 2025 599 2059 nac
608 2010 688 2060 dicere
694 2005 779 2060 'Cinna

106 2089 199 2154 Digna,
211 2089 254 2137 sed
266 2095 368 2152 argutos
379 2090 443 2138 inter
453 2096 561 2152 strepere
571 2105 642 2138 anser
652 2089 737 2138 olores.

139 2173 176 2218 M.
193 2169 224 2217 Id
239 2168 337 2231 quidem
353 2183 400 2233 age
415 2174 440 2216 et
455 2169 552 2230 tacitus,
568 2168 670 2234 Lycida,
686 2185 780 2218 meeum

203 2250 257 2312 ipse
267 2248 358 2308 volum,

110 2326 137 2377 Si
147 2328 242 2376 valeam
252 2327 407 2390 meminisse3
423 2341 503 2390 neque
513 2334 550 2376 est
561 2328 666 2391 ignobile
676 2343 780 2378 carmen.

108 2410 126 2436 “
135 2407 193 2457 Huc
204 2407 272 2469 ades,
283 2422 298 2455 ο
311 2405 429 2470 Galatea3
445 2408 500 2470 quis
515 2414 553 2456 est
566 2422 623 2456 nam
634 2407 705 2457 ludus
716 2410 742 2457 in
751 2424 795 2458 un·

205 2487 263 2536 dis?

107 2567 157 2617 Hic
166 2583 210 2616 ver
219 2581 379 2632 purpureum,
390 2567 470 2616 varios
479 2567 519 2616 hic
528 2567 630 2616 flumina
639 2569 730 2617 circum

108 2646 202 2696 Fundit
212 2647 303 2694 humus
313 2645 393 2707 flores,
404 2645 446 2695 hic
455 2647 558 2695 candida
568 2647 670 2712 populus
682 2653 753 2696 antro

107 2726 231 2785 Imminet,
241 2734 268 2776 et
278 2725 359 2776 lentae
369 2733 458 2776 texunt
467 2727 609 2776 umbracula
620 2729 682 2775 vites
692 2745 700 2790 ς

108 2803 165 2855 Huc
176 2805 249 2872 ades,
267 2806 347 2854 insani
357 2805 447 2855 feriant
457 2807 509 2855 sine
518 2805 591 2854 litora
601 2804 715 2855 fluetus.”
