2110 3540
232 385 277 431 190
376 374 608 419 Anrnouooru
629 379 774 423 numus.

536 559 607 596 exul.

503 659 586 714 Liber
597 663 633 716 iv,

428 787 526 856 Poeiry
538 793 560 841 is
574 791 718 846 Iuamortal.

235 873 317 987 3po
327 888 472 955 tRPHEA
480 895 614 944 detinuisse
621 896 686 945 feras
695 903 720 946 et
728 897 824 946 concita
833 900 916 946 dicunt

271 976 292 1009 '¹'l

214 1029 217 1035 ¹
238 976 345 1068 pff)
391 974 505 1023 Flumina
515 974 630 1024 Threicia
641 979 785 1026 sustinuisse
796 976 852 1042 lyra
858 995 867 1041 3

234 1046 343 1103 «tx->at
369 1054 435 1103 Saxa
460 1055 614 1104 Cithaeronis
633 1055 731 1106 Thebas
753 1057 847 1121 agitata
869 1072 912 1122 per

325 1142 405 1183 artem

265 1213 355 1278 Sponte
367 1223 412 1264 sua'
423 1215 449 1263 in
459 1215 523 1263 muri
534 1215 644 1264 membra
654 1216 731 1264 coisse
742 1215 842 1280 ferunt3

231 1295 389 1356 Quinetiam,
401 1295 561 1359 Polypheme,
571 1296 624 1344 fors
635 1295 740 1344 Galatea
751 1295 796 1344 sub
809 1296 892 1344 Aetna

263 1376 305 1424 Ad
315 1382 359 1425 tua
369 1383 481 1424 rorantes
491 1377 602 1424 carmina
612 1375 683 1424 flexit
694 1391 779 1438 equos.

231 1455 361 1517 Miremur,
371 1455 441 1504 nobis
451 1462 477 1502 et
485 1454 583 1504 Baooho
592 1463 617 1504 et
628 1455 743 1520 Apolline
754 1455 850 1516 dextro,
917 1513 920 1520 y

263 1535 349 1584 Turba
358 1534 497 1598 puellarum
509 1536 530 1583 si
541 1551 596 1584 mea
606 1535 680 1583 verba
690 1535 769 1584 colit?

231 1617 305 1680 Quod
314 1631 362 1664 non
370 1615 497 1664 Taenariis
506 1615 593 1664 domus
602 1623 640 1664 est
647 1615 707 1664 mihi
718 1615 783 1664 fulta
794 1615 922 1678 columnis,

264 1695 317 1744 Neo
328 1711 424 1744 camera
434 1703 533 1744 auratas
543 1697 607 1744 inter
616 1696 710 1744 eburna
723 1695 820 1760 trabes3

232 1776 285 1824 Neo
295 1791 351 1825 mea
359 1775 486 1825 Phaeacas
497 1783 603 1840 aequant
613 1779 723 1840 pomaria
734 1776 817 1834 silvas,

264 1855 289 1902 N
290 1871 322 1903 on
333 1870 435 1918 operosa
445 1857 512 1919 rigat
521 1855 627 1904 Martius
638 1863 710 1904 antra
720 1856 815 1919 liquor:

233 1935 270 1985 At
280 1935 367 1982 Musae
377 1937 485 1992 comites,
492 1921 522 1983 ¹et
533 1935 642 1982 earmina
653 1950 712 1982 uara
724 1933 824 1998 legenti,

264 2015 298 2064 Et
307 2015 402 2064 defessa
413 2016 493 2064 choris
503 2015 630 2079 Calliopea
639 2016 707 2063 meis.

233 2096 376 2154 Fortunata,
386 2111 440 2144 meo
451 2097 472 2144 si
482 2112 531 2159 qua
542 2112 568 2144 ea
577 2097 699 2145 celebrata
709 2093 806 2143 libello!

264 2176 381 2226 Carmina
392 2184 465 2225 erunt
474 2176 568 2224 formae
578 2184 615 2224 tot
632 2175 782 2224 monimenta
792 2181 858 2223 tuae.

233 2255 297 2305 Nam
309 2271 388 2320 neque
396 2256 556 2320 Pyramidum
568 2265 679 2319 sumptus
690 2253 811 2303 adsidere
822 2253 900 2317 ducti,

265 2335 318 2384 Neo
327 2336 393 2385 Iovis
403 2336 457 2384 Elei
466 2337 560 2386 eaelum
571 2337 666 2385 imitata
676 2335 771 2397 domus,

233 2415 286 2466 Neo
296 2417 418 2465 Mausolei
428 2417 495 2465 dives
505 2417 605 2466 fortuna
616 2415 721 2480 sepulcri

266 2495 356 2546 Mortis
366 2496 397 2544 ab
408 2504 519 2545 extrema
530 2495 667 2544 conditione
678 2501 773 2544 vacant.

234 2576 289 2626 Aut
298 2576 347 2626 illis
356 2577 455 2626 flemma
464 2583 508 2626 aut
518 2576 595 2625 imber
606 2575 722 2624 subducet
733 2575 844 2631 honores,

266 2659 396 2706 Annorum
408 2665 452 2706 aut
465 2657 515 2706 ictu
526 2656 634 2721 pondera
644 2656 710 2704 vicu
721 2661 793 2703 ruent
799 2673 807 2718 3

235 2735 272 2786 At
281 2751 331 2784 non
340 2737 437 2800 ingenio
447 2737 584 2800 quaesitum
595 2750 683 2784 nomen
692 2734 724 2782 ab
735 2749 794 2782 aevo

268 2815 383 2868 Excidet:
402 2817 500 2881 ingenio
511 2823 562 2864 stat
570 2817 622 2864 sine
633 2822 711 2864 morte
721 2813 802 2862 decus.

786 2897 851 2956 net
864 2893 890 2943 u.
