2054 3546
213 408 243 464 38
355 403 585 447 Auruncum
605 407 748 451 LATINA.

212 491 324 542 Confeeti
334 491 460 558 languent,
471 495 557 543 eadem
568 503 650 545 tamen
659 501 741 547 omnia
751 505 856 564 restant,

213 573 301 621 Omnia
311 573 334 622 si
343 589 433 638 pergas
444 576 547 624 vivendo
559 578 657 626 vincere
667 579 754 641 saecla,

211 651 297 713 Atque
308 653 382 700 etiam
392 654 483 716 potius,
494 655 515 702 si
525 670 660 719 numquam
671 658 705 706 sis
716 659 868 722 moriturus,’

212 729 278 789 Quid
289 732 472 795 respondemus,
485 735 533 782 nisi
543 735 634 783 iustam
644 737 769 786 intendere
778 737 848 786 litem

212 809 334 858 Naturam
344 818 369 860 et
380 825 467 875 veram·
477 813 558 862 verbis
569 829 691 878 exponere
701 817 821 865 causam?

212 889 335 939 Grandiur
345 891 385 939 hic
396 906 454 939 vero
466 893 486 940 si
498 894 557 952 iam,
570 895 699 957 seniorque
710 907 829 958 queratur

210 972 296 1034 Atque
308 971 402 1019 obitum
413 971 561 1021 lamentetur
571 974 646 1022 miser
657 975 762 1039 amplius
772 991 861 1039 aequo,

211 1049 267 1097 Non
279 1051 367 1098 merito
378 1050 493 1099 inclamet
503 1053 583 1116 magis
593 1061 618 1101 et
628 1053 686 1102 vcce'
695 1055 803 1118 increpet
814 1057 886 1105 acri?

210 1131 217 1156 ‘
229 1129 310 1179 Aufer
323 1131 414 1178 abhinc
425 1131 549 1192 lacrimas,
560 1133 664 1194 beletro,
673 1141 698 1182 et
708 1149 835 1199 compesce
844 1152 903 1200 que·

304 1210 383 1259 tellas.

209 1290 299 1339 Omnia
309 1292 453 1354 perfunctus
464 1292 526 1340 vitai
535 1293 647 1355 praemia
659 1307 761 1342 marces.

209 1369 258 1418 Sed
266 1372 325 1435 quia
333 1386 429 1435 semper
436 1387 493 1420 ures
500 1371 565 1435 quod
573 1371 650 1433 abest,
655 1374 793 1436 praesentia
802 1376 901 1436 temnis,

208 1449 349 1514 Inperfecta
359 1451 405 1499 tibi
415 1451 522 1515 elapsast
532 1451 681 1516 ingrataque
692 1453 752 1516 vita,

209 1530 243 1578 Et
253 1545 297 1579 nec
307 1531 418 1593 opinanti
428 1546 495 1578 mors
506 1530 538 1579 ad
549 1540 625 1595 caput
636 1533 731 1580 adstitit
741 1540 797 1581 ante

208 1609 288 1669 Quam
300 1617 369 1659 satur
379 1625 408 1659 ac
418 1610 505 1675 plenus
515 1613 596 1675 possis
608 1612 731 1661 discedere
743 1629 834 1661 rerum.

208 1690 282 1738 Nunc
293 1691 374 1739 aliena
385 1698 430 1742 tua
441 1697 524 1739 tamen
535 1698 616 1740 aetate
627 1693 708 1740 omnia
717 1693 787 1742 mitte

207 1773 296 1834 Aequo
312 1773 440 1835 animoque
456 1771 562 1836 agedum
578 1787 649 1836 mage
664 1773 698 1820 sis
713 1773 834 1822 concedet

302 1853 438 1901 necessest’

206 1931 273 1994 Iure,
284 1940 312 1981 ut
322 1933 417 1996 opinor,
428 1938 496 1997 agat,
508 1933 561 1980 iure
572 1932 681 1994 increpet
692 1933 839 1999 inciletquc3

207 2009 278 2058 Cedit
289 2012 353 2058 enim
364 2027 447 2060 rerum
458 2011 567 2060 novitate
578 2018 681 2060 extrusa
692 2019 800 2062 vetustas

207 2089 317 2154 Semper,
327 2099 352 2139 et
364 2107 397 2139 ex
407 2091 461 2140 aliis
472 2091 539 2141 aliud
550 2106 665 2154 reparare
676 2099 806 2141 necessest.

206 2169 259 2219 Nec
277 2171 408 2234 quisquam
426 2172 452 2219 in
467 2171 612 2219 barathrum
627 2187 671 2220 nec
682 2172 788 2222 Tartara
798 2174 897 2224 deditur

301 2259 369 2301 atrur
559 2317 560 2322 ¹

205 2331 323 2380 Materies
334 2347 396 2395 opus
405 2338 444 2380 est
453 2339 482 2381 ut
492 2338 602 2380 crescant
611 2325 710 2396 postera
721 2333 815 2399 saecls3

205 2410 274 2470 Quae
286 2419 368 2460 tamen
380 2413 462 2460 omnia
473 2419 497 2459 te
508 2413 560 2459 rita
571 2411 700 2475 perfuncta
712 2422 845 2476 sequentur
855 2434 861 2472 ς

204 2491 257 2540 Nec
268 2492 348 2539 minus
360 2507 419 2555 ergo
431 2499 487 2540 ante
498 2491 559 2540 haec
570 2507 645 2554 quam
658 2502 685 2540 tu
696 2493 813 2552 cecidere,
824 2511 863 2544 cs·

300 2572 415 2635 dentque.

204 2651 245 2700 Sic
256 2651 305 2700 alid
315 2667 348 2700 ex
359 2651 407 2700 alio
417 2666 552 2715 numquam
564 2651 668 2700 desistet
678 2651 739 2700 oriri

203 2729 312 2794 Vitaquc
323 2731 446 2796 mancipio
456 2731 519 2780 nulli
530 2731 613 2793 datur,
623 2730 736 2779 omnibus
746 2745 802 2781 usu.

743 2825 767 2858 r.
781 2813 893 2862 eto-971.
