2070 3542
398 331 588 375 sensurus,
793 340 834 394 ยนโถ7

178 425 235 486 Qua
245 433 385 474 muneretur
396 434 429 488 te,
439 425 538 490 Priape,
548 434 574 476 et
584 433 617 486 to,
628 431 699 490 puter

209 505 314 563 Silvano,
326 513 392 557 tutor
402 507 495 556 finium

175 585 248 635 Libet
257 587 334 636 iaoera
344 586 417 636 modo
427 587 473 635 sub
483 587 585 650 antiqua
595 585 660 646 ilios,

209 665 285 714 Modo
295 667 320 713 in
330 669 409 714 tenaoi
420 667 539 730 gramine.

176 749 305 798 Labuntur
314 750 371 799 altis
382 751 480 800 interim
491 751 552 815 ripis
562 765 649 814 aquas,

208 830 352 889 Queruntur
363 832 389 878 in
400 831 468 880 silvis
480 846 548 892 aves,

175 909 313 972 Fonteaque
323 910 431 974 lymphis
439 911 584 974 obstrepunt
593 911 758 974 manantibus,

208 988 310 1038 Somnos
321 991 387 1054 quod
398 991 485 1038 invitet
493 991 565 1038 leves.

174 1069 212 1118 At
221 1084 277 1117 eum
287 1071 395 1118 tonantis
406 1084 485 1116 annus
496 1069 613 1116 hibernus
625 1067 691 1116 Iovis

205 1147 300 1196 Imbres
311 1149 428 1212 nivesque
439 1154 574 1212 comparat,

174 1228 229 1277 Aut
238 1228 316 1278 trudit
325 1229 390 1277 aeris
400 1229 457 1277 hinc
467 1235 493 1276 ot
503 1227 560 1276 hino
570 1226 648 1276 multa
659 1243 718 1277 eane

204 1308 289 1373 Apros
299 1309 325 1356 in
336 1309 457 1358 obstantis
468 1306 563 1371 plagas,

174 1387 229 1436 Aut
239 1389 314 1436 amite
325 1388 372 1435 levi
383 1403 441 1436 rara
451 1387 530 1436 tendit
540 1388 611 1447 retia,

207 1467 297 1516 Turdis
308 1467 423 1516 edacibus
434 1467 510 1527 dolos,

174 1547 340 1610 Pavidumque
352 1547 458 1611 leporem
468 1554 494 1595 et
503 1547 621 1596 advenam
632 1546 720 1610 laqueo
731 1562 817 1612 gruem

206 1626 318 1674 Iucunda
328 1634 412 1692 captat
422 1627 538 1692 praemia.

176 1705 237 1764 Quis
247 1721 296 1754 non
305 1705 433 1768 malanrm,
444 1722 505 1770 quas
517 1722 585 1756 amor
595 1723 667 1756 curas
678 1707 761 1768 babet,

208 1785 277 1834 Haeo
288 1787 352 1834 inter
365 1785 535 1835 obliviscitur?

174 1863 268 1922 Quodsi
277 1863 366 1928 pudica
376 1864 463 1912 mulier
473 1865 498 1912 in
510 1872 604 1928 partem
615 1865 684 1913 iuvet

207 1944 313 1993 Domum
324 1953 398 2008 atque
408 1944 491 1993 dulces
502 1945 600 2006 liberos,

176 2024 267 2072 Sabina
278 2023 357 2087 qualis
368 2031 412 2072 aut
422 2032 523 2087 peruste
533 2024 626 2073 solibus

206 2102 315 2152 Perniois
327 2119 391 2152 uxor
402 2103 489 2167 Apuli,

176 2181 277 2230 Sacrum
287 2183 390 2231 vetustis
400 2188 501 2231 extruat
511 2181 585 2248 lignis
596 2181 677 2231 locum

206 2260 278 2312 Lassi
288 2261 334 2310 sub
345 2261 476 2310 adventum
486 2263 541 2318 viri,

176 2341 345 2406 claudensque
355 2344 432 2392 textis
442 2343 550 2393 cratibus
559 2344 652 2393 laetum
662 2359 736 2408 pecus

208 2420 405 2471 Distentasioeet
416 2422 501 2480 ubera,
714 2421 717 2426 '

176 2500 209 2549 Et
218 2500 296 2550 horna
303 2501 369 2550 duloi
378 2501 435 2549 rina
445 2516 559 2566 promens
570 2501 643 2562 dolio,

206 2578 290 2644 Dapes
298 2580 419 2644 inemptas
430 2588 533 2644 apparet
542 2600 549 2630 a

177 2656 234 2707 Non
242 2673 282 2707 me
291 2659 401 2710 Lucrina
410 2661 518 2709 iuverint
526 2660 654 2723 eonehylia

208 2737 320 2803 Magisve
330 2739 447 2789 rhombus
456 2748 501 2806 aut
511 2741 582 2798 scari,
