2070 3542
381 373 584 417 VERGILIUS.
782 390 826 434 ¹¹⁹

131 463 311 528 Romanosque
325 471 388 514 tuos.
421 466 469 514 Hle
479 467 569 516 Caesar
579 470 604 514 et
615 464 694 513 omnis
704 463 755 512 Iuli

132 545 281 609 Progenies,
292 560 409 609 magnum
419 545 480 594 caeli
490 552 594 594 ventura
603 545 650 594 sub
662 560 741 594 axem.

133 624 183 672 Hie
194 624 243 685 vir,
254 623 295 673 hie
306 631 352 683 est,
362 625 408 673 tibi
419 640 491 687 quem
501 626 612 689 promitti
623 627 720 689 saepius
731 624 811 686 audis,

134 704 268 768 Augustus
278 703 379 762 caen,
391 703 448 754 Divi
458 720 546 769 genus,
556 719 631 754 aurea
639 704 726 754 condet

135 784 240 834 Saecula
250 786 294 848 qni
305 801 391 834 rursus
401 785 474 834 Latio
483 794 588 850 regnata
597 801 642 850 per
651 801 711 835 arva

136 866 244 914 Saturno
253 865 386 928 quondam,
411 880 485 929 super
495 874 521 915 et
532 865 696 916 Garamantas
707 874 732 916 et
742 865 817 916 Indos

134 946 380 1012 Proieretimperium
402 944 476 1007 (iacet
486 955 559 996 extra
569 947 650 996 sidera
661 947 743 1008 tellus,

133 1027 215 1076 Extra
225 1029 285 1074 anni
295 1026 403 1090 solisque
413 1028 475 1090 vias,
485 1028 528 1076 ubi
538 1027 637 1077 caelifer
647 1027 730 1089 Atlas,

133 1107 218 1156 Axem
227 1105 330 1154 humero
339 1112 437 1170 torquet
448 1106 526 1155 stellis
537 1107 679 1156 ardentibus
690 1109 790 1170 aptum).

134 1185 216 1236 Huius
227 1187 254 1234 in
263 1186 395 1234 adventum
406 1187 456 1234 iam
464 1202 529 1235 nunc
540 1193 566 1234 et
576 1184 668 1249 Caspia
678 1200 754 1250 regna

135 1267 269 1332 Responais
279 1264 380 1315 horrent
391 1265 472 1314 divom
482 1273 507 1314 et
518 1266 627 1314 Maeotia
638 1264 719 1325 tellus,

135 1349 169 1398 Et
178 1348 364 1413 septemgemini
375 1347 478 1396 turbant
486 1346 583 1411 trepida
593 1347 656 1394 ostia
666 1345 729 1394 Nili.

135 1427 188 1477 Nee
198 1443 257 1478 vero
266 1427 367 1476 Alaides
377 1433 473 1476 tautum
484 1427 580 1476 telluris
592 1427 676 1488 obivit,

133 1507 231 1556 Fixerit
240 1506 380 1571 aeripedem
390 1522 488 1556 servam
498 1507 556 1555 lieet
574 1513 618 1555 aut
628 1504 777 1570 Erymanthi

134 1587 235 1636 Paearit
246 1601 346 1635 nemora
365 1593 390 1635 et
401 1586 507 1635 Lernam
518 1586 681 1635 tremefecerit
692 1599 765 1648 areu3

131 1667 193 1730 Nee,
204 1669 248 1732 qni
258 1667 395 1732 pampineis
404 1668 483 1716 vietor
494 1668 554 1730 iuga
564 1665 640 1715 flectit
650 1665 761 1727 habenis,

131 1745 216 1808 Liber,
227 1747 379 1812 agenaoelso
389 1746 475 1811 Nysae
487 1746 517 1796 de
527 1748 619 1796 vertice
630 1747 712 1811 tigris.
828 1752 830 1756 '

129 1827 165 1876 Et
174 1826 316 1875 dubitamus
326 1826 407 1875 adhue
418 1828 534 1876 virtutem
545 1823 679 1874 extendere
689 1825 770 1889 saetis,

128 1909 186 1956 Aut
195 1913 275 1956 metus
286 1906 399 1955 Ausonia
409 1906 523 1971 prohibet
532 1907 665 1956 sensistsre
676 1905 764 1954 terra?

129 1986 194 2046 Quis
204 1986 290 2052 procul
301 1985 343 2035 ille
352 1993 434 2035 autem
445 1986 521 2034 ramis
532 1986 635 2050 insignis
645 1985 723 2033 olivae

129 2066 207 2116 Sacra
216 2066 317 2115 ferens?
341 2065 422 2115 Nosuo
430 2067 504 2115 crinis
514 2067 651 2128 incanaque
661 2073 744 2113 menta

129 2146 207 2211 Regis
219 2146 332 2208 Romani,
348 2146 452 2209 primam
463 2147 507 2209 qui
517 2145 614 2210 legibus
624 2144 711 2193 urbam

129 2224 263 2286 Fundabit,
270 2225 378 2274 Ouribus
388 2226 472 2290 parvis
483 2231 509 2274 et
518 2239 626 2289 paupere
636 2231 704 2274 terra

128 2303 258 2354 Missusin
266 2305 394 2369 imperium
405 2319 531 2368 magnum.
551 2304 710 2367 Quoideinde
721 2304 824 2358 subibit.

129 2384 189 2433 Otia
198 2386 243 2447 qui
254 2391 353 2448 rumpet
363 2385 459 2448 patriae
469 2384 610 2448 residesque
620 2386 726 2434 movebit

127 2463 217 2512 Tullus
228 2465 255 2512 in
265 2478 335 2513 arma
345 2465 411 2512 viros
420 2471 446 2513 et
455 2465 504 2513 iam
515 2464 616 2514 desueta
627 2465 759 2529 triumphis

129 2543 249 2606 Agmina.
283 2541 364 2602 Quem
373 2543 446 2591 iuxta
457 2545 569 2607 sequitur
579 2545 709 2594 iactantior
719 2545 816 2604 Ancus,

126 2622 202 2672 Nune
216 2637 315 2688 qnoque
336 2624 385 2672 iam
405 2624 509 2672 nimium
529 2624 639 2689 gaudens
659 2623 818 2688 popularibus

223 2717 300 2752 eurus.

129 2781 176 2831 Vis
186 2789 212 2832 et
221 2782 371 2846 Tarquinios
381 2797 452 2848 reges
472 2783 627 2846 animamque
639 2783 768 2846 superbam
