2110 3540
234 389 283 436 250
377 372 608 416 sannorum
628 373 771 417 namus.

233 468 264 516 In
274 467 373 516 turbam
383 469 452 516 missi
462 467 548 516 feralia
558 467 658 516 foedera
668 470 746 530 regni.

233 547 256 597 Ο
268 547 331 596 male
340 547 470 596 oonoordes
480 549 603 611 nimiaque
612 548 725 613 cupidine
735 547 810 608 caeci,

234 626 301 686 Quid
310 628 411 675 miseere
422 627 490 675 iuvat
499 628 572 684 vires,
581 627 712 692 orbemque
723 635 806 676 tenere

232 707 264 755 ln
275 705 373 754 mediol
390 707 457 754 Dum
468 714 535 755 tarra
544 706 643 767 fretum,
654 715 795 771 terramque
806 707 898 757 levabit

234 786 297 848 Aer,
306 793 331 834 et
340 785 408 850 longi
419 786 516 835 volvent
524 787 615 834 Titana
626 786 731 846 labores,

234 864 341 930 Noxque
352 864 416 914 diem
427 865 495 914 eaelo
506 864 607 915 totidem
617 881 662 929 per
673 866 743 930 signa
754 873 881 930 sequetur,

234 945 310 996 Nulla
320 945 381 994 fides
391 947 462 1010 regni
473 947 553 1006 sociis,
564 947 691 1010 omnisque
702 953 810 1010 potestas

235 1025 369 1090 Impatiens
380 1026 498 1074 consortis
508 1026 565 1075 erit.
597 1025 650 1074 Nee
661 1026 776 1090 gentibus
787 1025 844 1074 ullis

235 1104 341 1167 Credite,
351 1120 396 1154 neo
403 1104 475 1170 longe
486 1105 592 1154 satorum
602 1105 714 1170 exempla
725 1113 848 1170 petantur.

234 1185 354 1234 Fraterno
365 1185 437 1248 primi
447 1183 593 1232 maduerunt
604 1184 723 1248 sanguine
733 1185 806 1234 muri.

235 1265 287 1314 Nee
296 1265 402 1330 pretium
412 1265 475 1312 tanti
485 1263 557 1312 tellus
567 1270 705 1328 pontusque
715 1263 806 1312 furoris

234 1344 305 1393 Tune
315 1350 382 1394 erat:
399 1345 515 1408 exiguum
526 1342 636 1392 dominos
646 1343 766 1391 commisit
776 1341 883 1407 asylum.

266 1423 394 1488 Temporis
405 1423 504 1486 angusti
513 1423 604 1471 mansit
613 1421 741 1471 oonoordia
751 1421 843 1470 disoors
852 1441 859 1486 3

235 1504 337 1569 Paxque
348 1504 397 1552 fuit
406 1517 455 1550 non
466 1509 552 1568 sponte
563 1502 658 1552 dueum.
692 1502 756 1550 Nam
768 1501 820 1550 sola
829 1501 908 1550 futuri

234 1583 339 1632 Crassus
348 1589 402 1631 erat
411 1581 570 1630 bellimedius
579 1597 655 1631 mora.
688 1581 809 1643 Qualiter,
819 1581 898 1630 undas

237 1662 287 1722 Qui
298 1669 365 1711 secat
374 1669 399 1710 et
410 1662 535 1726 geminum
545 1661 645 1726 gracilis
656 1676 724 1710 mare
735 1668 834 1723 separat
844 1660 908 1710 Isth·

331 1757 384 1792 mos

236 1822 288 1872 Neo
298 1824 392 1888 patitur
402 1822 512 1872 conferre
523 1821 629 1887 fretum3
647 1823 669 1870 si
680 1827 747 1870 terra
756 1819 861 1882 recedat,

236 1902 333 1952 Ionium
344 1903 446 1967 Aegaeo
458 1901 555 1967 franget
565 1917 646 1951 maror
665 1901 708 1960 sio,
719 1901 770 1961 ubi,
782 1915 855 1949 saeva

235 1983 316 2032 Arma
326 1982 414 2031 dueum
425 1981 550 2044 dirimens,
560 1980 697 2029 miserando
707 1980 794 2029 funere
803 1980 910 2029 Crassus

236 2063 356 2129 Assyrias
366 2062 438 2112 Latio
447 2061 579 2110 maculavit
589 2061 708 2125 sangune
718 2059 818 2122 Carras,

237 2143 353 2192 Parthica
363 2142 486 2190 Romanos
497 2140 621 2190 solverunt
631 2139 720 2188 damna
729 2139 834 2189 furores.

236 2223 298 2272 Plus
307 2223 350 2272 illa
360 2222 429 2271 vobis
439 2222 497 2280 acie,
508 2235 582 2284 quam
592 2219 698 2278 creditis,
708 2225 789 2268 autum
799 2225 846 2282 est,

237 2301 386 2352 Arsacidae:
403 2301 494 2350 bellum
503 2301 574 2348 vietis
584 2299 655 2348 civile
666 2298 774 2347 dedistis.

237 2381 363 2431 Dividitur
373 2381 439 2430 ferro
450 2395 552 2446 regnum
563 2397 568 2426 r
586 2378 717 2444 populique
727 2377 842 2441 potentis,

238 2464 308 2525 Quae
318 2479 394 2524 mare,
404 2477 467 2528 quae
476 2469 563 2522 terras,
575 2475 638 2526 quae
648 2466 727 2510 totum
737 2459 845 2508 eontinet
853 2470 895 2507 or-

238 2622 296 2672 Non
306 2543 480 2686 oellll’orrunr
490 2621 558 2670 duos.
591 2619 657 2668 Nam
666 2619 771 2684 pignora
780 2616 858 2666 iuneti

239 2703 371 2770 Sanguinis
381 2711 407 2754 et
417 2703 470 2752 diro
480 2702 569 2752 ferales
578 2701 658 2750 omine
668 2699 753 2748 taedas

239 2782 352 2833 Abstulit
362 2784 393 2832 ad
404 2799 497 2843 manes,
505 2782 650 2843 Parcarum,
659 2777 731 2840 Iulia,
742 2791 816 2827 saera
