2054 3546
357 402 566 446 nuenarius.
774 418 804 466 37

114 497 185 557 Quod
198 497 252 546 sitis
263 504 354 544 exuret
364 498 465 545 miseros
477 505 549 560 atque
561 496 629 544 arida
641 504 728 557 torres,

112 576 167 625 Aut
179 576 242 623 aliae
254 577 325 624 cuius
337 575 485 624 desiderium
496 575 599 622 insideat
611 575 654 622 rei.

113 655 164 704 Nec
175 656 223 704 sibi
233 657 300 703 enim
312 656 442 718 quisquam
453 662 504 703 tum
516 670 541 702 se
554 655 677 716 vitamque
688 653 803 716 requirit,

113 735 175 785 Cum
186 735 280 799 pariter
291 750 360 782 mens
371 741 396 782 et
406 749 494 798 corpus
505 736 585 798 sopita
596 735 733 798 quiescunt.

114 815 178 864 Nam
189 815 249 864 licet
259 824 387 862 aeternum
398 829 442 878 per
453 831 497 863 nos
509 815 543 864 sic
552 830 606 884 esse
618 828 738 878 soporem,

114 895 166 943 Nec
177 895 328 942 desiderium
339 896 417 942 nostri
428 911 474 942 nos
483 894 566 942 adficit
574 894 659 942 ullum.

114 974 146 1022 Et
156 982 239 1023 tamen
250 974 442 1038 haudquaquam
454 984 550 1023 nostros
562 982 620 1023 tunc
630 975 672 1022 illa
682 989 726 1038 per
737 981 807 1023 artus

119 1053 204 1118 Longe
217 1053 248 1102 ab
260 1054 384 1102 sensiferis
393 1055 526 1117 primordia
537 1055 644 1102 motibus
655 1063 749 1112 errant,

115 1135 177 1183 Cum
187 1143 316 1198 correptus
327 1134 400 1182 homo
410 1148 443 1182 ex
453 1149 538 1183 somno
549 1149 575 1182 se
587 1134 681 1198 colligit
692 1135 752 1197 ipsa.

115 1215 197 1263 Multo
205 1215 283 1278 igitur
289 1223 392 1262 mortem
402 1213 519 1262 minusad
527 1229 572 1260 nos
579 1228 632 1261 esse
639 1213 808 1288 putandumst,

117 1295 143 1343 Si
154 1297 235 1342 miuus
246 1309 298 1342 esse
309 1301 389 1358 potest
398 1309 472 1357 quam
484 1292 549 1357 quod
561 1292 595 1341 nil
605 1308 657 1340 esse
670 1291 792 1354 videmus;

117 1375 199 1424 Maior
211 1375 278 1422 enim
290 1373 376 1421 turbae
388 1373 504 1422 disiectus
516 1373 631 1422 materiai

117 1453 282 1517 Consequitur
294 1453 343 1500 leto
353 1468 398 1500 nec
408 1453 540 1515 quisquam
550 1453 694 1516 expergitus
704 1458 793 1506 exstat,

119 1533 222 1598 Frigida
234 1548 307 1595 quem
319 1531 393 1580 semel
404 1538 441 1580 est
451 1533 511 1580 vitai
519 1547 596 1595 pausa
606 1537 697 1580 secute.

149 1614 265 1677 Denique
276 1615 297 1660 si
307 1627 390 1660 vorem
400 1626 483 1659 rerum
493 1618 583 1660 natura
593 1618 693 1675 repente

121 1693 207 1743 Mittat
215 1700 241 1740 et
249 1691 297 1740 hoc
307 1691 381 1740 alicui
390 1699 501 1739 nostrum
512 1692 546 1740 sic
557 1692 666 1754 increpet
676 1693 730 1754 ipsa

118 1775 125 1800 ‘
135 1772 201 1831 Quid
210 1772 257 1820 tibi
263 1777 332 1818 tanto
338 1778 443 1834 operest,
451 1770 569 1832 mortalis,
575 1771 641 1834 quod
648 1771 720 1820 nimis
730 1771 810 1833 aegris

119 1851 239 1900 Luctibus
248 1850 379 1914 indulges?
395 1849 455 1913 quid
466 1857 567 1898 mortem
578 1850 701 1914 congemis
708 1865 737 1901 ac
747 1848 809 1896 fles?

120 1933 184 1981 Nam
196 1933 275 1996 gratis
285 1937 398 1979 anteacta
408 1930 456 1978 suit
467 1930 512 1980 tibi
523 1931 574 1980 vita
583 1931 708 1993 priorque,

121 2013 154 2060 Et
164 2027 214 2060 non
225 2011 308 2060 omnis
318 2017 445 2073 pertusum
456 2016 572 2072 congesta
583 2009 655 2071 quasi
665 2009 692 2056 in
702 2023 745 2056 vas

120 2090 254 2142 Commoda
264 2089 402 2154 perfluxere
412 2095 486 2151 atque
497 2089 595 2152 ingrata
606 2088 736 2137 interieree

122 2170 174 2220 Gur
185 2186 234 2220 non
244 2178 274 2219 ut
283 2169 371 2234 plenus
382 2169 447 2216 vitae
458 2169 560 2216 conviva
569 2167 663 2215 recedis

123 2252 211 2315 Aequo
222 2250 352 2312 animoque
362 2249 429 2311 capis
441 2262 558 2301 securam,
570 2246 653 2308 stulte,
664 2245 790 2308 quietem?

124 2329 167 2378 Sin
177 2345 207 2378 ea
217 2343 281 2392 ques
292 2328 388 2376 fructus
398 2342 502 2390 cumque
513 2342 539 2374 es
549 2327 643 2390 periere
654 2329 755 2389 profuse

123 2408 233 2474 Vitaque
244 2409 270 2457 in
279 2407 406 2468 offensust,
415 2422 460 2455 cur
470 2407 574 2470 amplius
585 2405 675 2454 addere
687 2405 794 2468 quaeris,

125 2489 232 2537 Rursum
239 2487 305 2550 quod
311 2483 464 2551 pereatmele
471 2493 497 2534 et
503 2487 626 2550 ingratum
633 2485 727 2534 occidet
733 2497 813 2543 omne,

124 2567 180 2616 Non
189 2568 272 2632 potius
281 2567 346 2614 vitoe
357 2566 430 2613 finem
441 2565 501 2614 facis
512 2574 585 2628 atque
594 2564 705 2613 laboris?

126 2647 188 2695 Nam
198 2646 244 2694 tibi
255 2652 383 2709 praeterea
394 2645 459 2708 quod
469 2644 594 2693 machiner
606 2644 786 2705 inveniamque,

125 2725 197 2786 Quod
207 2725 314 2790 placeat,
324 2723 360 2772 nil
370 2731 422 2773 eet=
439 2725 524 2772 eadem
535 2731 592 2772 sunt
603 2723 684 2771 omnia
695 2737 796 2786 semper.

127 2805 155 2858 Si
165 2805 210 2856 tibi
221 2821 272 2854 nou
282 2805 353 2852 annis
361 2819 449 2867 corpus
458 2805 506 2852 iam
518 2809 611 2852 marcet
622 2809 647 2851 et
658 2809 726 2850 artus
