2110 3540
410 363 564 406 OVIDIUS.
792 379 839 425 ²²3

149 455 305 504 Exhaluutur
316 454 400 517 humo,
413 455 550 519 dubiaeque
560 454 704 519 crepuscula
714 455 785 506 lucis.

150 535 206 583 Non
217 533 278 599 vigil
288 533 339 582 ales
350 534 385 583 ibi
395 536 490 584 cristati
500 535 613 585 cautibus
625 534 675 583 oris

150 616 244 664 Evocat
255 613 437 672 Auroram,nec
449 630 506 664 voce
518 615 614 664 silentia
625 623 743 679 rumpunt

151 693 284 742 Sollicitive
295 708 368 742 canes
378 694 509 742 canibusve
521 695 632 758 sagacior
643 709 723 743 anser.

109 791 112 796 ·
151 773 208 822 Non
217 772 281 835 fera,
290 788 341 820 non
350 773 463 836 pecudes,
474 789 523 821 non
533 774 593 822 moti
603 773 702 822 flamine
713 777 783 832 rami,

150 853 311 902 Humanaevc
322 867 407 900 sonum
419 853 525 902 reddunt
535 854 645 902 convicia
654 853 761 918 linguae.

150 932 224 981 Muta
234 933 304 996 quies
315 932 418 982 habitat.
453 931 520 980 Saxo
532 939 613 981 tanum
623 934 675 981 exit
686 934 718 982 ab
729 936 778 982 imo

151 1011 314 1075 Rirusequae
323 1011 843 1076 Lethes‚perquamcummurmurelabens,

151 1090 247 1139 Invitat
257 1107 354 1140 somnos
364 1092 541 1155 crepitantibus
553 1091 618 1139 unda
629 1091 724 1154 lapillis.

151 1171 220 1220 Ante
230 1171 295 1219 fores
306 1171 372 1219 antri
382 1170 487 1218 fecunda
495 1185 616 1234 papavera
627 1169 716 1219 florent

152 1251 347 1313 Innumeraeque
357 1249 457 1312 herbae,
468 1265 572 1314 quarum
583 1249 687 1298 delecte
700 1265 809 1314 soporem

152 1329 210 1378 Nox
220 1330 288 1395 legit,
298 1337 323 1378 et
333 1331 427 1394 spargit
437 1345 482 1393 per
492 1344 580 1393 opacas
590 1329 692 1378 humida
702 1337 788 1380 terres.

68 1449 75 1464 ,
153 1409 241 1470 lanua,
252 1424 283 1457 ne
293 1424 365 1458 verso
376 1407 496 1458 stridores
504 1409 602 1458 cardine
614 1410 709 1471 reddat,

155 1488 231 1537 Nulla
242 1488 313 1537 domo
324 1495 393 1538 tota:
410 1495 491 1538 custos
503 1490 528 1536 in
539 1489 621 1538 limine
632 1489 721 1538 nullus.

153 1568 192 1616 At
202 1567 283 1618 medio
293 1575 363 1616 wrus
371 1573 419 1630 est,
429 1569 506 1617 ebeno
518 1569 630 1618 sublimis
642 1571 667 1617 in
677 1576 741 1631 atra,

153 1647 279 1709 Plumeus,
289 1647 409 1708 unicolor,
420 1648 487 1712 pulic
497 1649 616 1698 velamine
627 1657 721 1698 tectus:

74 1763 78 1768 -
154 1727 210 1786 Quo
218 1727 295 1776 ‚cubat
304 1728 358 1791 ipse
368 1727 437 1776 Deus
448 1728 563 1776 membris
573 1729 690 1793 languore
701 1729 794 1778 solutis.

156 1805 228 1854 Hunc
239 1807 304 1855 circa
314 1807 406 1870 passim
417 1809 498 1855 varias
509 1808 632 1856 imitantia
643 1808 732 1856 formas

155 1887 256 1936 Somnia
267 1903 330 1935 vana
341 1889 420 1936 iacent
431 1888 540 1945 totidem,
552 1896 612 1951 quot
621 1891 708 1938 messis
719 1891 815 1950 aristas,

155 1965 222 2016 Silva
232 1968 297 2032 gerit
308 1966 415 2029 frondes,
425 1969 514 2016 eiectas
525 1968 583 2017 litus
595 1985 688 2018 arenas.
834 1968 836 1976 ’

661 2063 684 2097 v.
699 2053 812 2097 592-615.

461 2143 531 2178 CLIX.

428 2231 512 2284 Liber
524 2233 570 2286 xii.

344 2341 399 2394 Tae
413 2344 504 2396 House
518 2346 554 2413 of
563 2345 652 2398 Fame.

196 2444 347 2535 ,miltun
364 2464 431 2513 locus
447 2464 526 2512 medio
542 2472 580 2512 est
596 2464 660 2511 iuter
676 2471 803 2524 terrasque

172 2514 275 2634 ⁴³&ssss
346 2545 485 2608 fretumque
578 2533 582 2555 ³

166 2616 275 2668 abvssi
297 2623 470 2688 Caelestesqne
481 2623 576 2686 plagas,
586 2621 689 2685 triplicis
699 2617 805 2668 confinia

251 2703 336 2752 mundi
344 2723 351 2753 ε

156 2783 232 2836 Unde
243 2783 309 2846 quod
319 2791 357 2832 est
369 2798 482 2845 nsquam,
493 2780 603 2846 quamvis
613 2778 754 2843 regionibus
765 2778 836 2837 absit,
