2098 3546
207 378 262 422 262.
351 368 584 413 Aturrotouln
604 365 748 410 LATJNA.

494 501 609 538 chxxV.

212 591 265 645 The
281 592 400 644 Portenta
413 610 471 644 aean
485 609 517 644 oa
531 594 572 645 tlte
586 591 650 658 Dap
663 589 700 658 oj
709 589 750 640 tle
764 584 854 640 Bottle
868 583 905 651 of

475 687 627 740 Pharsalia

243 784 262 801 ⁹
277 776 325 843 lt*
335 793 396 842 UID
406 795 495 842 mirum
497 795 626 860 ‚populea
636 809 699 858 quos
708 793 754 844 lux
764 803 878 844 extrema

212 850 218 855 .
244 824 314 955 ,il-ll
302 854 325 939 )
410 875 531 932 manebat,

211 920 285 1010 ,le-*¹*
276 940 326 1011 ἦ
347 957 488 1022 Lymphato
499 955 635 1020 trepidasse
645 955 736 1006 metu?
757 971 880 1019 praesaga

225 1065 228 1074 ·
304 1037 425 1085 malorum

206 1117 233 1168 Si
241 1117 299 1166 data
306 1132 374 1165 mens
382 1117 405 1165 h
408 1117 535 1179 ›miniest3
547 1114 632 1181 Tyriis
639 1131 682 1180 qur
674 1071 802 1166 'Gadibus
810 1115 901 1180 hospes

204 1198 311 1248 Adiacet
311 1197 526 1262 ,Armeniumque
536 1196 599 1245 bibit
610 1196 736 1246 Romanus
747 1197 860 1258 Araxen,

206 1279 258 1328 Sub
269 1294 423 1344 quocumque
433 1278 482 1340 die,
492 1291 647 1341 quocumque
656 1285 695 1325 est
705 1276 785 1326 sidere
794 1277 889 1339 mundi,

204 1360 312 1422 Maeret‚
323 1367 349 1408 et
359 1361 458 1424 ignorat
468 1373 576 1420 caussas,
589 1351 748 1422 animumque
758 1357 881 1406 dolentem

204 1440 329 1504 Corripit,
347 1439 469 1488 Emathiis
479 1439 540 1502 quid
549 1438 638 1502 perdat
646 1439 743 1487 nescius
753 1439 825 1488 arvia

204 1521 331 1584 Euganea
343 1521 365 1568 ai
375 1534 435 1568 vera
442 1517 505 1566 fides
515 1518 716 1582 memorantibus,
726 1533 806 1580 augur

207 1601 276 1651 Colle
287 1599 384 1657 sedens,
395 1599 501 1664 Aponus
510 1599 584 1648 terris
594 1597 638 1646 ubi
648 1597 749 1646 fumifer
758 1597 820 1658 e'xit,

205 1682 290 1744 Atque
302 1680 441 1728 Antenorei
451 1679 602 1744 dispergitur
612 1678 680 1727 unda
690 1677 794 1740 limavi,

206 1769 212 1789 ⁶
222 1762 300 1810 Venit
310 1775 405 1810 summa
415 1760 476 1816 dies,
487 1761 583 1824 geritur
592 1775 632 1808 res
642 1760 768 1821 maxima‚’
778 1759 858 1809 dixit:

206 1844 213 1869 ‘
224 1842 305 1906 Impia
315 1848 464 1890 concurrunt
474 1840 588 1905 Pompeii
597 1847 622 1889 et
633 1839 747 1890 Caesaris
758 1855 827 1889 arma
836 1840 854 1904 3'

206 1924 255 1973 Seu
267 1925 373 1972 tonitrus
384 1938 413 1970 aa
424 1921 475 1971 tela
484 1921 550 1970 lovis
561 1937 684 1987 praesaga
693 1921 795 1979 notavit,

204 2007 317 2056 Aethera
327 2022 370 2055 seu
381 2011 459 2054 totum
470 2003 576 2052 discordi
584 2003 702 2053 obsistere
711 2002 779 2052 eaelo

204 2089 383 2151 Perspexitque
393 2085 461 2150 polos
472 2104 478 2134 ι
494 2101 538 2134 seu
546 2085 629 2133 lumen
636 2085 663 2132 in
670 2083 770 2132 aethere
780 2089 901 2132 maestum

209 2167 273 2216 Solis
284 2169 310 2215 in
321 2167 426 2215 obscuro
435 2181 545 2230 pugnam
556 2164 650 2229 pallore
661 2165 762 2212 notavit.

206 2247 359 2296 Dissimilem
370 2253 437 2295 uerte
449 2247 552 2303 eunetis,
563 2260 624 2309 quos
634 2245 748 2309 explieat,
759 2245 812 2309 egit

206 2327 376 2377 Thessalicum
386 2334 477 2375 natura
488 2325 552 2374 diem
565 2345 570 2374 :
588 2327 609 2374 si
619 2331 708 2374 cunata
717 2325 798 2389 perito

205 2409 311 2474 Augure
322 2422 392 2456 mens
403 2407 530 2455 hominum
542 2405 603 2454 caeli
613 2419 679 2454 nova
689 2405 762 2470 signa
771 2411 891 2464 notasset,

207 2488 319 2554 Spectari
330 2495 382 2538 toto
396 2489 477 2552 potuit
487 2486 617 2535 Pharsalia
627 2485 724 2534 mundo.

206 2569 228 2619 Ο
240 2585 348 2618 summos
360 2567 495 2624 hominum,
506 2581 611 2630 quorum
621 2565 733 2613 Fortuna
742 2580 786 2629 per
794 2565 879 2614 orbem

207 2649 284 2714 Signa
296 2650 372 2704 dedit,
385 2664 489 2712 quorum
501 2648 561 2696 fatis
572 2645 667 2694 eaelum
678 2661 749 2694 omne
760 2647 866 2695 vaeavit!

204 2730 273 2778 Haea
285 2737 311 2778 et
321 2730 388 2793 apud
399 2745 466 2778 seras
476 2735 561 2794 gentes
574 2726 724 2792 populosque
734 2734 860 2792 nepotum,

205 2807 262 2859 Sive
274 2824 320 2858 sua
331 2816 428 2858 tautum
438 2810 535 2858 venient
545 2809 571 2857 in
582 2808 679 2857 saecula
689 2808 763 2870 fama,
