2110 3540
246 367 292 409 228
384 357 614 402 ANTHoaoeM
639 356 781 399 LATJNA.

246 452 344 501 Desinit
354 453 380 501 in
389 453 512 513 lacrimae,
524 454 665 516 intentaque
675 451 718 499 fila
728 451 840 510 remittit,

276 532 308 580 In
318 532 411 596 gremio
422 531 516 580 vultum
527 531 686 595 deposuitque
696 545 775 579 suum.

252 607 308 658 Hoc
315 609 395 672 ipsum
406 608 500 656 decuit:
519 608 633 656 lacrimae
643 608 744 656 decuere
755 607 864 670 pudicae,
911 615 915 622 “

281 687 315 736 Et
325 688 400 736 facies
410 688 492 735 animo
502 686 624 751 dignaque
634 701 728 750 parque
738 687 792 735 fuit

246 766 329 814 ‘Pone
337 773 439 827 metum,
450 767 537 827 venio‚’
547 769 654 814 coniunx
664 769 705 816 ait.
738 766 786 814 Illa
795 765 893 822 revixit,

277 843 364 905 Deque
375 843 422 891 viri
433 840 494 890 collo
504 841 574 890 dulce
584 841 699 905 pependit
710 857 780 891 onae.

245 917 345 966 Interea
355 919 448 966 iuvenis
459 917 559 965 furiales
570 918 652 980 regius
664 918 728 981 ignis

278 997 397 1062 Concipit,
409 1004 434 1045 et
444 1011 516 1045 caeco
525 1003 611 1060 raptus
623 1011 702 1044 amore
713 997 782 1045 furit.

245 1077 337 1125 Forma
347 1075 436 1138 placet,
446 1075 580 1136 niveusque
589 1074 662 1134 color,
672 1073 777 1137 darique
788 1073 878 1138 capilli,

277 1154 374 1218 Quique
385 1153 471 1201 aderat
482 1152 550 1201 nulla
560 1153 639 1201 factus
651 1152 682 1200 ab
693 1159 746 1200 arte
757 1153 841 1202 decor:

245 1236 332 1283 Verba
341 1235 446 1299 placent,
454 1242 480 1282 et
490 1237 546 1294 vox,
553 1240 578 1281 et
588 1233 654 1295 quod
662 1246 815 1295 corrumpere
826 1248 875 1280 nen
880 1243 934 1296 eet3

278 1315 381 1378 Quoque
391 1316 471 1362 minor
481 1328 537 1378 spes
546 1321 592 1374 est,
602 1313 648 1360 hoc
658 1313 737 1376 magis
748 1312 788 1360 illa
799 1313 874 1376 cupit.

246 1394 299 1442 Iam
311 1394 414 1442 dederat
423 1402 510 1442 centus
520 1392 581 1441 lucis
589 1393 749 1456 praenuntius
760 1391 819 1454 ales,

277 1473 340 1522 Cum
351 1473 464 1520 referunt
474 1473 573 1520 iuvenes
585 1472 611 1518 in
622 1487 666 1519 sua
676 1478 757 1520 castra
767 1471 859 1535 pedem.

247 1552 366 1616 Carpitur
376 1552 492 1598 attonitos
503 1551 609 1599 absentis
621 1552 726 1614 imagine
735 1567 818 1599 sensus

277 1631 336 1681 Ille:
354 1630 491 1679 recordanti
499 1630 573 1694 plura
581 1631 707 1694 magisque
718 1631 822 1694 placent.

248 1711 287 1760 Sic
298 1710 370 1771 sedit,
381 1711 415 1758 sic
426 1710 492 1760 culta
502 1710 558 1772 fuit,
569 1712 603 1759 eie
614 1712 718 1760 stamina
728 1712 801 1772 nevit,

278 1788 412 1854 Neglectae
422 1789 484 1837 collo
495 1790 530 1837 sic
541 1791 636 1838 iacuere
647 1805 737 1838 comae.

246 1873 300 1922 Hos
309 1872 397 1920 habuit
407 1870 497 1932 vultus,
508 1870 568 1920 haec
579 1871 614 1920 illi
625 1873 700 1920 verba
710 1871 818 1932 fluerunt,

278 1952 327 2001 Hic
336 1951 412 2012 color,
421 1951 481 1999 haec
495 1951 579 2012 facies,
588 1951 628 2000 hic
638 1951 710 2000 decor
720 1953 769 2000 orie
779 1958 839 2000 erat.

246 2031 283 2082 Ut
293 2032 355 2082 nolet
365 2047 381 2080 a
391 2046 481 2096 magno
491 2031 579 2079 fluetus
589 2031 745 2094 languescere
755 2030 832 2094 flatu3

279 2109 328 2160 Sed
338 2117 421 2160 tamen
432 2126 447 2159 a
457 2118 537 2170 vento,
548 2111 591 2173 qui
602 2110 658 2172 fuit,
668 2109 734 2158 unda
744 2117 829 2170 tumet,

248 2188 297 2251 Sic,
304 2191 415 2254 quamvis
427 2189 514 2238 aberat
524 2190 629 2254 placitae
639 2191 777 2253 praesentia
787 2189 888 2248 formae,

277 2267 358 2331 Quem
368 2268 470 2318 dederat
478 2285 593 2334 praesens
604 2269 692 2332 forma,
701 2269 816 2318 manebat
826 2283 902 2316 amor.

751 2362 778 2397 v.
791 2350 902 2406 tar-tta.
939 2353 944 2364 ”

534 2497 639 2598 eug>
