2098 3546
253 353 301 399 320
394 338 625 382 Arvfflonoou
652 340 797 384 MTINA.

253 432 302 488 Qui
311 432 416 495 spetlum
427 432 492 480 vitae
503 440 640 482 extremum
652 433 717 482 inter
727 449 831 484 munera
839 438 913 498 ponet

252 509 371 572 Naturae,
383 513 427 574 qui
437 512 502 561 ferre
511 520 586 576 queat
597 529 762 577 quoscumque
772 514 878 572 labores,

252 589 353 638 Nesciat
363 591 445 653 irasci,
454 593 537 656 cupiet
544 592 608 641 nihil
618 600 644 642 et
654 595 760 656 potiores

252 668 366 718 Herculis
376 685 505 720 aerumnas
515 671 600 721 eredat
610 687 743 736 suevosque
752 673 851 722 labores

251 748 285 796 Et
296 749 394 798 Venere
404 756 429 798 et
439 752 506 799 cenis
515 759 540 800 et
550 752 634 817 pluma
644 751 821 818 Sardanapalli.

251 827 364 878 Monstro
373 830 440 893 qued
448 831 499 895 ipse
511 832 556 881 tibi
566 835 645 896 pessis
654 833 714 882 dare
724 852 731 898 3
750 835 837 882 semite
847 840 913 882 certe

251 908 409 973 Tranquillee
418 926 463 974 per
473 913 589 960 virtutem
597 920 665 976 petet
675 913 748 962 unius
758 914 832 963 vitre.

251 989 354 1038 Nullum
365 1005 453 1039 numen
464 991 548 1048 hebes,
559 994 579 1040 si
592 993 626 1040 sit
634 992 778 1057 prudentie3
795 1008 841 1042 nes
851 999 876 1041 te

251 1069 303 1120 llos
312 1071 424 1130 fecimus,
434 1072 552 1133 Fortuna,
563 1073 634 1121 deum
643 1073 758 1138 ceeleque
767 1072 885 1122 locamus.

710 1167 729 1210 x
751 1169 782 1202 :t
794 1157 909 1204 meuse.

553 1307 629 1344 cem.

401 1416 455 1470 The
468 1413 560 1482 Stinge
574 1413 609 1480 of
622 1411 787 1467 Conscience.

343 1783 456 1846 graviore
467 1786 553 1828 celena

249 1860 366 1910 Protinus
376 1870 401 1911 et
411 1858 588 1922 nostro-quid
598 1858 654 1922 plus
664 1858 722 1909 velit
731 1859 769 1908 ire
778 1859 907 1910 l-neeuri

249 1941 377 2006 Arbitrie3
395 1947 477 1989 menet
488 1939 531 1987 illu
541 1945 623 1986 tumen
633 1939 736 1996 iactura,
748 1955 792 1988 nec
803 1955 924 2004 umquem

248 2021 393 2086 Depositum
403 2020 449 2069 tibi
461 2033 543 2083 sospes
553 2021 609 2079 erit,
620 2018 664 2066 sed
673 2034 775 2082 corpore
786 2026 873 2068 trunco

249 2101 372 2150 Invidiosa
381 2101 451 2149 dabit
460 2099 575 2147 minimus
585 2098 675 2147 solacia
685 2101 826 2164 sangnis-—

249 2181 287 2230 At
296 2181 404 2230 vindicte
414 2181 506 2228 benum
517 2180 567 2227 vite
577 2178 707 2228 iucundius
718 2177 808 2242 ipsu-

250 2261 344 2326 Nempe
354 2262 400 2310 hoc
411 2260 511 2321 indocti,
522 2274 627 2322 querum
638 2260 781 2323 preecerdiu
790 2259 865 2309 nullis

248 2341 376 2390 Interdum
386 2347 429 2388 eut
438 2339 532 2387 levibus
542 2339 625 2387 videus
634 2337 767 2404 flagrantis
775 2341 856 2388 causis

249 2421 478 2484 Quantulacumque
488 2420 549 2468 adeo
559 2428 598 2468 est
608 2421 710 2475 eccesie.
721 2420 809 2469 sufficit
819 2421 879 2469 iree.

249 2503 404 2568 Chrysippus
413 2516 462 2550 non
472 2501 536 2549 dicet
547 2500 620 2561 idem,
630 2515 675 2548 nec
685 2501 743 2548 mite
754 2499 866 2549 Thaletis

249 2584 388 2648 Ingenium,
399 2581 512 2644 dulcique
524 2595 600 2628 senex
610 2580 703 2628 vicinus
713 2579 841 2644 Hymetto,

249 2663 298 2722 Qui
308 2671 403 2728 partem
414 2669 527 2727 acceptae
536 2675 611 2710 sueva
620 2661 685 2709 iuter
694 2659 773 2708 vincla
780 2660 875 2709 cicutae

251 2741 396 2792 Accusatori
405 2742 480 2791 nollet
489 2741 555 2790 dere.
589 2739 700 2788 Plurima
709 2738 770 2787 felix
