2110 3540
239 375 285 418 206
382 367 612 412 ANTHonools
636 369 778 412 LATINA.

238 461 261 508 N
265 477 304 508 um
315 462 396 511 minus
408 463 515 510 immites
522 461 609 511 hebuit
619 460 733 512 Cornelia
744 461 856 511 Perses?

270 541 308 589 En
318 557 381 599 sum,
392 541 456 605 quod
469 542 552 606 digitis
563 543 671 606 quinque
681 542 787 604 levatur,
794 558 862 592 onus

238 619 375 669 Damoetae
386 628 478 682 neotus,
488 628 513 668 et
525 636 567 669 vos
575 620 638 670 vada
648 619 715 669 lenta
726 621 836 684 paludes,

269 699 303 748 Et
312 715 481 764 quaecumque
490 715 557 748 meos
567 700 677 764 implicat
687 701 754 750 unde
766 701 848 766 pedes,

237 779 374 829 Immatura
383 780 449 841 lieet,
460 787 541 830 tamen
552 779 599 829 huo
610 795 660 828 non
670 781 746 829 noxia
756 781 819 830 veni.

270 859 321 908 Det
331 868 402 924 peter
412 860 468 909 hine
479 859 580 908 umbi-se
591 859 674 910 mollis
684 861 739 908 iura
750 875 825 910 mese.

238 941 293 990 Aut
303 943 325 990 si
335 942 392 1005 quis
402 941 482 1005 posita
491 941 568 990 iudex
579 940 646 990 sedet
656 941 755 990 Aeaeus
766 955 837 1003 urna,

269 1021 300 1069 In
311 1037 366 1070 mea
377 1025 464 1071 sortite
476 1021 581 1071 vindioet
591 1036 647 1070 ossa
657 1021 715 1085 pila.

239 1101 373 1150 Assideant
382 1102 481 1163 iratres,
494 1101 565 1149 iuxte
575 1100 686 1150 Minoide
696 1100 780 1149 sellem

271 1180 434 1229 Eumenidum
446 1182 540 1229 intento
550 1180 624 1228 turbe
634 1195 720 1230 severa
730 1180 790 1229 foro.

240 1260 355 1326 Sisyphe,
368 1262 430 1310 mole
441 1277 525 1324 veoes3
543 1267 639 1310 taoeant
648 1261 743 1309 Ixionis
754 1261 825 1310 orbes
835 1279 842 1326 ς

270 1341 360 1390 Fallax
370 1340 490 1390 Tantaleo
499 1341 633 1405 corripiare
644 1339 741 1404 liquor3

239 1420 362 1472 Cerberus
373 1429 398 1470 et
408 1422 488 1470 nullas
498 1421 571 1471 hodie
583 1429 652 1486 petet
662 1421 787 1486 improbus
798 1420 907 1484 umbras,

271 1502 305 1551 Ilt
316 1503 394 1550 ieoeat
405 1502 479 1550 tsoite
489 1501 558 1565 lapsa
568 1509 654 1550 eatena
664 1516 728 1550 sera.

238 1580 298 1645 Ipse
307 1581 395 1644 loquor
404 1597 450 1644 pro
458 1596 504 1629 me.
539 1580 566 1629 si
573 1580 639 1639 fallo,
650 1597 729 1646 poena
740 1595 850 1630 sororum

271 1660 362 1708 Infelix
372 1660 487 1708 humeros
498 1667 585 1725 urgeat
595 1677 658 1709 urna
667 1677 743 1710 meos.

240 1739 267 1789 Si
276 1741 317 1790 oui
328 1740 393 1788 fama
404 1740 452 1790 fuit
463 1755 507 1804 per
518 1742 583 1790 evita
593 1747 695 1805 tropaea
707 1741 796 1802 decori,

272 1819 337 1868 Afra
348 1819 512 1869 Numantinos
523 1836 601 1885 regne
611 1820 745 1885 loquuntur
756 1835 820 1870 avos

240 1901 330 1949 Altera
340 1910 464 1951 maternos
475 1909 598 1965 exaequet
608 1901 682 1949 turba
693 1900 807 1960 Libones,

273 1981 305 2030 Et
315 1981 402 2030 domus
412 1988 450 2030 est
462 1981 539 2030 titulis
550 1990 655 2044 utraque
668 1980 731 2028 fulta
741 1981 798 2029 suis.

240 2059 311 2120 Mox,
322 2061 364 2109 ubi
374 2063 423 2110 iem
433 2061 528 2109 lacibus
538 2063 612 2109 cessit
622 2068 751 2124 praetexta
761 2060 865 2123 maritis,

271 2139 362 2188 Vinxit
373 2149 398 2188 et
409 2148 520 2203 aooeptas
532 2141 611 2190 altera
622 2143 684 2189 vitta
694 2155 790 2204 oomss3

239 2219 446 2284 1ungor,Paulle,
457 2227 508 2281 tuo,
520 2223 554 2270 sio
565 2221 709 2281 discessura,
718 2221 806 2271 eubili=

270 2301 302 2348 In
312 2299 393 2364 lepide
404 2300 462 2349 huie
473 2302 515 2348 uui
526 2308 604 2366 nupta
614 2301 689 2350 luisse
700 2301 774 2366 legar.

240 2379 328 2429 Testor
337 2381 457 2430 maiorum
468 2382 561 2430 cineres
577 2382 631 2442 tibi,
644 2381 731 2443 Rome,
742 2382 866 2439 verendos,

273 2459 324 2509 Sub
335 2477 439 2524 quorum
449 2462 537 2524 titulis,
548 2462 645 2522 Africa,
657 2469 728 2511 tonsa
738 2463 812 2524 isoes,

240 2540 273 2589 Et
281 2539 374 2589 Persen
385 2543 472 2604 proavi
484 2540 640 2591 simulantem
651 2549 737 2607 peetus
747 2541 863 2607 Achillis,

271 2619 369 2684 Quique
381 2630 435 2668 tues
442 2633 550 2681 proauus
556 2619 629 2685 fregit
634 2622 731 2670 Achille
743 2623 836 2685 domos,

239 2697 283 2746 Me
292 2715 371 2763 neque
381 2715 497 2748 censurae
507 2700 586 2765 legem
597 2701 712 2759 mollisse,
723 2717 768 2750 neo
780 2701 829 2751 ulla

271 2777 339 2828 Labe
349 2795 404 2829 mee
413 2789 507 2830 vestros
517 2781 643 2830 erubuisse
656 2781 728 2832 locos
