2070 3542
224 375 269 431 ‚4⁸
365 368 596 412 An'rnonoorr
622 369 766 414 numus.

316 461 421 511 Periura
431 477 554 528 pngnuoes
564 461 674 512 Achivos

347 542 476 592 Hectoreis
487 541 574 606 opibus
584 543 708 608 refringit,

286 621 432 687 Nostrisque
443 623 543 671 ductum
555 622 714 673 seditionibus

285 701 381 750 Bellum
392 702 495 752 resedit:
513 703 625 767 protinus
636 709 661 751 et
671 703 755 767 gravis

317 783 372 832 Irus
381 789 407 830 et
418 783 523 831 invisum
534 789 657 846 nepotem,

347 856 437 908 'lroioa
448 873 520 922 quem
532 861 628 923 peperit
638 859 760 920 sacerdos,

286 939 363 988 Marti
374 939 514 987 redonabo:
531 939 599 987 illum
610 955 657 1004 ego
667 939 760 990 lucidas

285 1018 352 1068 Inira
362 1019 440 1080 sedes,
451 1018 539 1067 duoere
549 1021 657 1068 nectaris

317 1097 395 1148 Suoos
404 1106 430 1148 et
440 1097 546 1147 adsombi
557 1099 647 1162 quietis

348 1178 483 1230 Ordinibus
492 1178 574 1242 potiar
584 1177 695 1228 deorum.

285 1258 352 1306 Dum
362 1257 451 1323 longus
462 1260 527 1306 inter
538 1259 631 1307 saeviat
640 1257 705 1307 ilion

285 1338 437 1402 Romamque
448 1346 547 1402 pontus,
558 1338 667 1402 qnalibet
677 1339 774 1388 exsulas

315 1418 346 1467 In
356 1425 427 1482 parte
438 1425 557 1482 regnanto
567 1417 646 1482 boati3

347 1497 414 1545 Dum
426 1495 520 1545 Priami
531 1496 676 1562 Paridisque
685 1497 758 1548 busto

283 1576 389 1626 Insultet
400 1584 536 1624 armentum
548 1585 573 1626 et
583 1577 676 1626 catulos
686 1577 754 1649 derue

283 1655 370 1704 Celent
380 1655 482 1712 inultae,
493 1663 542 1705 stet
553 1656 702 1721 Capitolium

315 1734 432 1798 Fulgenu
442 1735 648 1800 triumphatisque
658 1737 737 1800 possit

348 1813 427 1862 Roma
437 1813 509 1862 ferox
519 1814 579 1863 dare
589 1816 645 1863 iura
655 1813 744 1865 Medis.

284 1893 415 1942 Horrenda
424 1895 474 1944 late
484 1909 573 1943 nomen
584 1895 611 1942 in
620 1895 721 1944 ultimas

284 1973 410 2024 Extendat
419 1989 484 2032 orus,
496 1990 546 2038 qua
555 1974 649 2023 medius
659 1974 741 2039 liquor

317 2053 428 2104 Seeernit
437 2055 553 2119 Europen
564 2054 596 2103 ab
606 2053 681 2117 Afro,

348 2132 404 2192 Qua
414 2134 522 2183 tumidus
532 2135 599 2199 rigat
609 2147 669 2182 arva
680 2134 762 2190 Nilus,

283 2213 383 2262 Aurum
395 2214 545 2278 inrepertum
556 2221 582 2263 et
593 2216 628 2264 sio
639 2215 727 2265 melius
738 2216 823 2280 situm,

284 2292 347 2342 Cum
358 2301 425 2342 terra
434 2294 506 2354 uelat,
517 2308 633 2358 spernere
644 2296 732 2346 fortior

314 2371 396 2431 Quam
406 2389 494 2437 eogere
504 2374 623 2424 humanos
633 2377 660 2424 in
670 2391 730 2426 usus

347 2451 424 2501 Omne
436 2467 532 2502 eaerum
541 2455 652 2519 rapiente
662 2455 757 2508 dextra

283 2531 436 2597 Quicumque
447 2533 538 2582 mundo
548 2536 667 2583 terminus
679 2536 784 2599 obstitit,

284 2613 357 2662 Hune
368 2619 456 2676 tangat
466 2614 552 2675 armis,
562 2615 640 2664 visere
650 2617 759 2680 gestiens

315 2693 372 2754 Qua
382 2700 453 2758 parte
463 2693 645 2744 debaoohentnr
655 2697 734 2760 ignes,

347 2773 403 2834 Qua
413 2773 517 2823 nebulae
527 2775 652 2839 pluviique
662 2791 740 2826 rores.
