2070 3542
247 401 290 448 ψ
387 383 617 428 ΑΝφΗοιοσιΑ
643 383 786 426 errius.

246 475 300 526 Stet
311 491 356 524 sue
367 477 454 540 cuique
466 476 517 525 dies
528 495 535 540 3
553 476 625 524 breve
635 482 661 524 et
671 473 833 540 inreparabile
841 481 934 540 tempus

247 556 366 605 Omnibus
377 563 416 605 est
424 557 505 621 vitae,
523 556 566 604 sed
577 556 667 604 semem
677 557 809 604 extendere
821 556 901 617 laetis,
924 571 935 600 ο

247 635 301 684 Hoe
311 636 409 684 virtutis
419 650 486 700 opus.
521 633 609 683 'Ii-olas
620 635 666 683 sub
676 636 803 684 moenibus
814 636 871 684 altis

246 715 295 764 Tot
305 716 374 780 gnati
385 715 492 764 oecidere
503 715 575 763 deum
585 731 592 779 3
610 716 670 778 quin
680 714 768 764 ooeidit
777 728 828 764 uns

247 795 380 859 Sarpedon,
391 811 447 843 mee
456 796 591 859 progenies.
627 794 711 843 Etiam
723 810 768 843 sus
778 795 890 845 'lindum

246 875 310 924 Fsts
321 882 419 933 vocant,
429 882 555 938 metusque
566 875 618 922 deti
629 875 740 939 pervenit
748 875 779 923 sd
790 878 850 926 sevi.

249 955 289 1004 Sic
300 957 343 1015 sit,
356 963 429 1019 etque
440 955 522 1004 oeulos
533 954 681 1003 Rutulorum
690 956 769 1004 reiieit
777 957 858 1021 ervis3

247 1037 285 1085 At
296 1035 377 1085 Pelles
388 1037 484 1101 mugnis
495 1037 584 1084 emittit
594 1035 687 1084 viribus
696 1036 802 1094 hostem,

248 1117 395 1182 Veginsque
405 1131 465 1166 osvo
474 1116 608 1181 fulgentem
619 1116 704 1181 diripit
714 1130 804 1167 ensem.

248 1196 296 1246 Ille
306 1197 398 1254 volens,
426 1199 504 1244 umeri
528 1201 692 1261 surguntque
702 1197 812 1261 tegmina
823 1209 925 1253 summe,

249 1272 346 1335 Incidit,
357 1280 431 1335 etque
440 1274 505 1320 viam
515 1271 584 1336 clipei
595 1271 681 1320 molito
690 1287 735 1336 per
744 1287 810 1333 oros,

250 1352 360 1400 Tandem
371 1353 445 1400 etium
455 1366 544 1416 magno
555 1351 656 1399 strinxit
666 1351 696 1400 de
707 1365 806 1415 corpore
817 1350 903 1401 Turni.

251 1431 298 1480 Hie
309 1431 408 1480 Turnus
419 1432 484 1479 ferro
493 1431 632 1496 praefixum
642 1429 717 1478 robur
728 1437 800 1479 eouto

250 1513 280 1560 In
290 1511 404 1559 Pallents
414 1511 455 1558 diu
465 1511 558 1559 librans
568 1511 625 1560 iaoit
646 1517 720 1574 etque
731 1512 767 1559 its
777 1510 860 1559 soture

251 1590 351 1655 Aspice,
361 1607 421 1638 num
432 1605 503 1655 megs
514 1592 547 1639 sit
557 1591 826 1655 nostrumpenetrsbile
836 1593 919 1641 telum.

250 1671 355 1718 Dixerat
364 1688 371 1733 3
389 1675 415 1717 st
425 1669 538 1734 elipeum,
549 1677 586 1718 tot
597 1671 656 1718 ferri
666 1677 745 1735 terge,
756 1677 793 1720 tot
803 1674 877 1730 seris,

251 1750 331 1810 Quem
340 1749 412 1814 pellis
422 1751 510 1800 totiens
520 1751 592 1800 obeat
602 1751 751 1800 eiroumdsts
760 1753 834 1813 tauri,

250 1831 366 1879 Vibrenti
375 1829 482 1878 medium
492 1832 574 1895 cuspis
584 1831 765 1881 transverberet
775 1833 834 1888 ictu,

250 1911 398 1975 Lorioeeque
409 1926 490 1960 morse
501 1919 526 1960 et
536 1918 620 1975 peetus
630 1912 739 1976 perforet
749 1913 842 1976 ingens.

253 1993 300 2042 Ille
311 1995 376 2057 repit
387 1991 492 2041 calidum
504 1993 597 2042 frustra
606 1993 637 2041 de
646 1992 742 2041 volnere
752 1993 843 2040 telum:

250 2073 309 2123 Une
318 2074 450 2138 eodemque
461 2075 501 2122 vie
512 2074 611 2138 sanguis
623 2075 767 2137 animusque
778 2080 921 2136 sequuntur.

250 2152 350 2201 Corruit
361 2153 388 2201 in
399 2154 494 2214 volnus,
518 2155 624 2202 sonitum
635 2169 708 2218 super
719 2168 789 2202 srme
799 2153 902 2216 dedere,

250 2233 284 2279 Et
295 2238 387 2279 terrem
397 2233 509 2280 hostilem
520 2234 625 2282 moriens
635 2235 697 2297 petit
707 2249 749 2282 ore
758 2239 867 2282 cruento.

252 2307 331 2367 Quem
343 2308 441 2357 Turnus
453 2323 527 2372 super
536 2308 656 2358 adsistens

251 2387 369 2443 Arcades,
380 2388 448 2450 haee,
460 2390 548 2452 inquit,
559 2404 677 2437 memores
684 2404 740 2437 mes
750 2388 816 2438 diets
826 2389 916 2438 referte

251 2468 383 2517 Euandro:
406 2468 504 2530 qualem
515 2471 613 2530 meruit,
624 2469 739 2518 Pallante
749 2471 856 2519 remitto.

250 2547 367 2610 Quisquis
379 2546 455 2594 honos
465 2547 561 2603 tumuli,
574 2546 692 2611 quidquid
703 2547 811 2594 solamen
822 2544 939 2596 humandi

343 2632 391 2688 est,
484 2631 487 2637 '

249 2706 359 2771 Largior.
391 2693 459 2758 Huni
477 2705 513 2756 illi
522 2708 623 2755 stabunt
633 2703 729 2754 Aeneis
737 2720 813 2770 parvo

249 2786 369 2852 Hospitis.
403 2789 437 2836 Et
446 2789 515 2836 laevo
525 2788 615 2852 pressit
625 2785 686 2850 pede
707 2785 766 2834 telis
775 2785 853 2846 istus,
