2054 3546
220 402 236 445 4
366 387 596 432 ANTHoLootA
619 391 760 434 LATINA.

218 477 301 526 Huius
312 479 406 529 soelesti
416 481 520 544 technis,
531 483 575 546 qui
585 499 632 546 me,
643 491 672 534 ut
681 485 786 533 lubitum
796 484 906 546 est‚duo·

312 561 375 608 tavit
385 560 454 610 dolis.

220 635 269 686 Sed
279 637 343 700 vide,
354 639 388 688 sis
399 640 406 688 i

250 721 296 767 Ar.
314 717 381 778 Quin
391 721 546 784 exploratum
558 720 612 770 dico
622 727 648 770 et
657 723 781 785 provisum
792 721 838 770 hoo
848 722 903 772 tibi.

251 801 296 846 He.
312 797 432 847 Certon’?

249 881 294 928 Ar.
311 877 378 936 Quin
385 879 456 942 nihil,
463 881 572 944 inquam,
578 881 686 931 invenies
694 881 774 947 magis
782 883 827 931 hoo
837 890 905 932 oerto

311 960 409 1007 eortius.

216 1034 368 1086 Philocrates
386 1039 435 1087 ium
456 1038 513 1088 inde
532 1055 611 1104 usque
628 1041 721 1090 amicus
737 1040 787 1090 fuit
806 1041 868 1089 mihi
888 1057 904 1090 e

311 1133 388 1181 puero
399 1133 470 1182 puer.

248 1199 293 1247 He.
314 1197 361 1247 Sed
372 1215 421 1264 quu
433 1201 493 1248 faeie
504 1207 541 1250 est
552 1208 607 1251 tuos
618 1200 708 1250 sodalis
719 1199 893 1250 Philocrates?

248 1281 294 1327 Ar.
745 1281 833 1330 Dicam
843 1282 903 1330 tibi:

217 1357 349 1408 Mmilento
354 1375 403 1418 ore,
407 1376 467 1409 nuso
473 1368 659 1424 aeuto‚oorp0re
665 1359 729 1423 albe,
735 1361 904 1426 oculisuigrie,

218 1436 338 1486 Subrufue
349 1439 513 1502 aliquantum,
525 1441 629 1504 crispus,
639 1440 799 1488 cincinnatus.

248 1519 294 1564 He.
774 1518 903 1570 Convenit.

250 1597 291 1656 Ty.
311 1594 346 1643 Ut
356 1595 454 1658 quidem
464 1596 545 1644 hercle
557 1597 583 1644 in
593 1595 700 1644 medium
710 1612 756 1662 ego
765 1597 838 1646 hodie
848 1615 902 1664 pes·

311 1691 379 1724 sume
390 1677 557 1740 processerim.

216 1755 271 1804 Vae
284 1755 332 1804 illie
346 1757 422 1821 virgis
437 1757 542 1819 miseris,
553 1772 616 1820 quse
628 1755 701 1805 hodie
712 1758 738 1805 in
749 1763 819 1821 tergo
829 1759 902 1806 mori·

310 1843 384 1884 entur
394 1837 463 1884 meo!
625 1837 626 1840 ’

248 1917 291 1963 He.
309 1913 395 1964 Verba
405 1915 466 1964 mihi
477 1915 535 1964 data
546 1931 600 1964 esse
611 1915 689 1964 video.
787 1925 789 1930 ’

251 1998 292 2057 Ty.
568 1995 633 2054 Quid
644 1995 754 2057 cessetis,
765 1994 902 2058 compedes,

216 2075 322 2125 Currere
333 2075 364 2123 ad
374 2091 413 2124 me
425 2090 528 2139 meaque
538 2075 653 2138 ampiecti
663 2090 745 2136 crure,
756 2082 785 2124 ut
794 2089 837 2122 vos
847 2089 901 2124 cus·

310 2156 421 2204 tedium?
448 2214 450 2219 y

247 2238 292 2284 He.
310 2233 388 2284 Sutin'
399 2235 454 2283 med
464 2235 501 2282 illi
517 2234 590 2283 hodie
603 2234 697 2283 scelesti
708 2235 775 2299 oupti
785 2242 903 2299 oeperunt

310 2315 386 2363 dolo?

215 2395 269 2444 illio
275 2409 370 2443 servom
376 2410 402 2442 se
410 2394 580 2451 adsimulabat,
586 2394 626 2442 hio
633 2409 685 2442 sese
693 2399 775 2442 autem
782 2393 886 2442 liberum
894 2413 902 2457 3

216 2474 354 2523 Nuculeum
365 2475 451 2538 amisi;
468 2474 568 2534 reliquit
577 2475 675 2538 pigneri
686 2475 825 2538 putamine:

215 2555 255 2604 Itu
266 2555 300 2603 mi
307 2555 395 2604 stolido
406 2569 503 2603 sursum
513 2570 611 2602 vorsum
622 2570 649 2603 oe
662 2555 788 2603 subievere
800 2552 901 2602 offudis.

216 2636 265 2686 nio
275 2635 372 2701 quidem
383 2651 421 2684 me
431 2650 557 2700 nunquam
563 2635 681 2684 irridebit
713 2633 830 2698 Colopho,
839 2632 902 2682 Cor·

310 2715 385 2776 dolio,
395 2705 487 2776 Comx,

216 2795 254 2844 Ite
265 2795 336 2844 istius
347 2802 421 2859 etque
429 2795 513 2844 efferte
523 2795 587 2843 lom!

247 2879 290 2925 Lo.
551 2874 616 2923 Num
628 2875 748 2939 lignatum
758 2874 901 2923 mittimur?
