2098 3546
228 399 274 444 344
366 377 597 422 sunnonoell
620 379 762 421 nuruis.

229 475 281 522 Nee
290 473 356 522 eolor
366 489 430 521 uuus
440 481 502 522 erat.
537 471 625 520 Stellas
636 473 746 521 aeeendit
757 475 783 520 in
794 487 865 532 aum,

229 554 301 604 Ostro
311 553 393 602 fundit
403 569 488 616 aquas,
500 552 590 601 attollit
600 552 673 601 litora
683 555 787 617 gemmis

228 635 329 698 Pilaque
340 635 455 682 mentitas
464 635 513 680 iam
524 635 573 682 iam
584 633 704 681 eaelantia
714 633 804 682 fluetus

229 718 292 764 Arte
303 722 405 764 tument.
438 713 530 763 Credas
540 713 601 760 illidi
611 713 722 762 cautibus
733 713 824 775 algam,
844 756 846 760 .

229 797 262 845 Et
272 811 373 844 raucum
383 795 473 844 bibulis
483 795 606 857 inserpere
616 808 726 842 murmur
736 795 844 842 harenis.

229 876 309 925 Addit
318 877 425 939 quinque
435 875 529 940 plagas.
555 874 663 922 Mediam
675 875 830 936 subtegmine
840 874 917 922 rubro

231 957 358 1006 Obsessam
369 956 462 1004 fervore
473 962 558 1018 notat3
575 955 704 1017 squalebat
714 955 817 1003 adustus

230 1037 312 1085 Limes
321 1044 346 1086 et
356 1036 453 1085 assiduo
461 1035 576 1084 sitiebant
585 1037 690 1084 stamina
701 1035 757 1084 sole.

231 1117 327 1167 Vitales
337 1119 451 1180 utrinque
461 1116 531 1176 duas,
541 1129 603 1178 quas
612 1117 679 1164 mitis
690 1116 789 1165 oberrat

231 1197 378 1262 Temperies,
388 1197 520 1247 habitanda
530 1197 604 1260 viris3
620 1197 647 1244 in
658 1197 707 1244 fine
718 1211 832 1259 suprema

232 1280 367 1343 Torpentes
376 1279 454 1328 traxit
464 1279 572 1343 geminas
583 1277 719 1339 brumaque
730 1277 831 1341 perenni

232 1359 325 1408 Foedat
334 1365 359 1408 et
366 1367 468 1408 ‘aeterno
478 1359 619 1407 contrista-at
629 1357 721 1419 frigore
732 1357 802 1404 telas.

265 1439 317 1487 Nee
326 1453 375 1487 nou
385 1446 410 1487 et
420 1439 503 1502 patrui
512 1439 593 1502 pingit
603 1438 710 1486 saei-arie
721 1436 796 1496 Ditis,

233 1519 379 1582 Fatalesque
389 1519 435 1566 sibl
445 1519 540 1568 Manes.
574 1517 624 1566 Nee
635 1518 713 1566 defuit
723 1531 809 1578 omen3

234 1600 347 1648 Praescia
356 1611 413 1647 nam
424 1599 512 1648 subitis
521 1599 667 1648 maduerunt
678 1597 775 1646 fletibus
785 1611 836 1644 ora.

665 1677 717 1726 Irt'b.
727 1679 758 1726 iv.
770 1679 889 1724 245-266.

525 1795 629 1834 esum.

421 1886 475 1938 Tite
489 1885 605 1938 ‚Descent
616 1891 641 1937 to
655 1883 730 1936 Heli.

238 2256 328 2316 Mutat,
339 2257 370 2315 io,
381 2269 423 2304 seu
434 2261 459 2301 te
470 2251 586 2314 Phrygiis
598 2251 624 2296 in
634 2246 739 2296 vallibus
750 2245 810 2294 Idae

239 2336 374 2400 Mygdonio
385 2335 466 2382 buxus
476 2333 637 2381 circumsonat
647 2328 746 2376 horride
757 2333 841 2386 cantu,

240 2417 289 2466 Seu
300 2425 326 2465 tu
337 2414 477 2478 sanguineis
487 2412 607 2461 ululantia
617 2407 742 2471 Dindyma
753 2405 834 2455 Gallis

238 2497 336 2556 Incolis,
346 2502 371 2544 et
379 2497 475 2544 strictos
486 2493 604 2544 Curetum
614 2489 713 2554 respieis
723 2501 803 2546 enses,

238 2579 322 2626 Exitio
333 2591 445 2626 succurre
456 2590 517 2635 meo,
527 2587 650 2635 compesce
664 2569 793 2627 furantem,

239 2657 376 2721 Comprime
386 2655 472 2704 ferales
483 2656 547 2704 torri
557 2651 685 2716 praedonis
696 2645 820 2696 habenas!

270 2737 371 2786 Talibus
381 2737 421 2785 ille
431 2735 501 2784 ferox
512 2734 582 2782 dietis
592 2733 698 2794 fletuque
708 2729 795 2778 deeoro
