2098 3546
235 375 282 420 334
379 359 611 404 ANTHonoels
637 361 781 404 LATINA.

236 450 308 498 Unde
318 451 457 515 cupidineas
468 455 573 502 armavit
582 453 648 502 lama
657 455 769 518 sagittas.

235 528 306 579 Mille
315 531 451 594 pharetrati
462 533 550 582 ludunt
561 535 587 582 in
597 536 709 598 margine
719 535 818 596 fratres,

236 609 287 659 Ora
297 627 376 674 pares,
387 612 478 662 similes
488 613 582 676 habitu,
592 629 653 680 gens
664 615 742 668 mollis
751 616 882 666 Amorum.

235 690 289 739 Hos
299 693 422 756 nymphae
433 695 545 757 pariunt:
562 695 632 744 illum
644 695 730 744 Venus
742 712 818 744 aurea
830 697 909 745 solum

235 770 328 823 Edidit.
364 773 409 821 Ille
420 774 486 823 Deos
497 776 639 839 caelumque
650 775 675 825 et
686 776 766 825 sidera
777 792 854 826 oornu

235 851 375 916 Temperat,
386 862 410 902 et
421 870 528 903 summos
539 855 655 918 dignatur
665 857 740 919 figere
749 872 836 922 reges:

236 934 270 982 Hi
281 934 375 998 plebem
387 935 484 986 feriunt
521 936 573 984 Neo
583 947 664 984 cetera
675 938 776 985 numina
787 937 885 987 desunt.

236 1014 283 1063 Hic
293 1014 389 1064 habitat
399 1016 466 1064 nullo
475 1018 607 1065 constricta
617 1017 729 1066 Licentia
739 1019 811 1078 nodo,

235 1094 270 1143 Et
279 1095 344 1144 fleoti
354 1096 438 1145 faoiles
448 1097 512 1158 Irae,
522 1098 626 1160 vinoque
636 1098 763 1146 madentes

236 1175 371 1239 Excubiae,
381 1177 554 1240 Lacrimaeque
566 1179 646 1240 rudes,
657 1186 683 1228 et
691 1186 779 1243 gratus
790 1188 920 1228 amantum

236 1257 327 1317 Pallor,
338 1258 399 1305 etin
410 1258 495 1321 primis
505 1259 615 1307 titubans
626 1259 739 1308 Audaeia
749 1260 832 1318 furtis,

235 1337 388 1401 Iuouudique
399 1337 490 1400 Metus,
500 1346 526 1387 et
536 1354 585 1387 non
596 1355 683 1388 secura
693 1339 817 1404 Voluptas
826 1361 834 1405 3

235 1417 269 1465 Et
280 1418 370 1466 lasciva
380 1417 463 1466 volant
472 1417 565 1468 levibus
576 1419 689 1468 Periuria
700 1421 786 1470 ventis.

236 1497 304 1556 Quos
312 1499 376 1546 inter
385 1498 499 1560 petulans
514 1499 566 1548 alta
576 1501 668 1548 cervice
677 1501 795 1548 Iuventas

235 1577 354 1626 Excludit
365 1577 465 1626 Senium
474 1578 537 1630 lueo.
571 1580 662 1628 Procul
672 1581 736 1630 atria
748 1581 827 1630 Divae

235 1659 381 1708 Permutant
392 1659 480 1719 radios,
491 1660 601 1723 silvaque
611 1661 723 1710 obstante
735 1663 867 1712 virescunt.

234 1739 351 1788 Lemnius
359 1739 419 1788 haee
429 1741 503 1788 etiam
512 1741 615 1802 &muris
625 1742 750 1790 exstruxit
761 1750 786 1790 et
797 1759 866 1803 auro,

237 1821 380 1869 Admiseens
391 1827 468 1869 artem
478 1823 565 1884 pretio,
578 1823 736 1886 trabibusque
747 1824 886 1886 smaragdis

235 1901 368 1965 Supposuit
378 1916 459 1950 caesus
470 1902 598 1964 hyacinthi
608 1917 669 1966 rupe
679 1902 814 1953 columnas.

233 1981 334 2046 Beryllo
345 1983 433 2046 paries,
444 1988 470 2031 et
480 1982 572 2046 iaspide
583 1983 678 2032 lubriea
688 1992 796 2048 surgunt

184 2061 185 2066 ’
202 2056 204 2061 ’
234 2062 331 2111 Limina
339 2063 514 2126 despeotusque
523 2063 575 2112 solo
585 2064 695 2112 calcatur
705 2065 813 2116 achates.

234 2143 265 2191 In
275 2143 355 2192 medio
365 2143 443 2206 glebis
454 2143 617 2194 redolentibus
628 2159 686 2194 area
696 2145 764 2194 dives

234 2223 340 2272 Praebet
350 2226 464 2276 odoratas
474 2240 570 2275 messes
604 2226 653 2275 Hio
663 2227 730 2275 mitis
740 2227 840 2289 amomi,

233 2305 283 2356 Hie
292 2309 372 2356 casiae
381 2315 477 2356 matura
488 2321 565 2368 seges,
576 2306 755 2372 Panchaeaque
767 2314 870 2370 turgent

232 2388 366 2452 Cinnama3
384 2404 428 2437 neo
439 2388 503 2436 elaea
514 2387 672 2437 frondescunt
683 2389 775 2437 vimina
782 2391 892 2439 acantho
902 2410 910 2455 3

233 2468 363 2534 Tardaque
374 2468 473 2516 sudanti
483 2476 619 2532 prorepunt
629 2468 739 2518 balsama
750 2469 826 2531 ligno.

342 2549 379 2598 De
388 2548 489 2614 Nemtiis
503 2549 606 2600 Honesti
616 2553 639 2598 et
649 2549 755 2611 Mortua,
767 2566 790 2601 v.
806 2556 890 2602 49-96.
