2110 3540
236 395 279 447 198
377 388 608 434 durantum
633 391 779 434 tArlNA.

234 481 352 531 Romanis
363 485 457 532 utinam
468 485 605 548 patuissent
615 491 697 534 castra
707 485 810 550 puellis!

265 561 349 610 Essem
361 562 463 612 militiae
474 565 570 612 sarcina
580 565 629 612 fida
641 571 713 629 tuae3

233 641 286 690 Nec
299 657 338 690 me
348 643 475 692 tardarent
487 643 603 709 Scythiae
614 647 682 710 iuga,
693 661 749 694 cum
760 645 837 694 Pater
847 644 909 696 altas

265 721 367 771 Africus
379 723 404 770 in
415 723 518 788 glaciem
529 724 624 790 frigore
635 727 712 774 nectit
723 740 807 788 aquas.

234 801 320 850 Omnis
332 817 402 851 amor
412 819 524 868 magnus,
536 803 579 853 sed
588 790 674 870 aperto
685 806 711 854 in
718 807 823 870 coniuge
830 805 925 854 maior=

266 881 338 930 Hanc
349 882 445 938 Venus,
457 891 485 932 ut
496 886 573 944 vivat,
584 884 689 934 ventilat
700 887 754 949 ipsa
763 885 849 935 facem.

235 961 299 1009 Nam
311 962 371 1010 mihi
383 979 432 1026 quo
443 963 533 1012 Poenis
544 965 590 1014 tibi
601 980 713 1030 purpura
724 964 818 1029 fulgeat
828 964 912 1027 ostris,

266 1042 453 1107 crystallusque
463 1060 530 1093 meas
541 1053 610 1094 ornet
622 1061 714 1109 aquosa
723 1044 830 1093 manus?

235 1123 324 1172 Omnia
335 1124 410 1173 surda
420 1132 510 1182 tacent,
521 1127 633 1189 rarisque
643 1124 745 1173 adsueta
752 1123 863 1173 kalendis

267 1205 321 1254 Vix
332 1206 413 1270 aperit
423 1205 519 1254 clausos
531 1221 582 1254 una
593 1205 676 1270 puella
686 1203 770 1253 Lares.

236 1284 367 1334 Glaucidos
378 1293 403 1335 et
413 1284 508 1334 catulae
519 1301 568 1335 vox
578 1292 617 1334 est
627 1284 688 1333 mihi
698 1291 770 1350 grata
781 1283 920 1348 querentis:

267 1365 314 1414 Illa
325 1367 362 1415 tui
370 1373 465 1430 partem
477 1366 645 1413 vindicatum
655 1371 716 1414 toro.

234 1445 308 1496 Floro
320 1445 408 1495 sacella
418 1453 484 1510 tego,
495 1445 606 1493 verbenis
615 1445 721 1508 compita
732 1443 793 1501 velo,

267 1526 301 1574 Et
310 1535 394 1589 erepat
404 1524 436 1572 ad
445 1533 541 1573 veteres
551 1524 629 1573 herba
640 1523 732 1573 Sabina
742 1523 814 1572 locos.

236 1604 292 1653 Sive
302 1606 328 1652 in
338 1605 442 1654 finitimo
452 1606 547 1669 gemuit
558 1611 625 1653 stans
637 1613 727 1653 noctua
738 1605 814 1669 tigno,

267 1683 317 1732 Seu
328 1685 405 1734 voluit
415 1685 485 1749 tangi
493 1699 569 1748 parca
581 1684 681 1733 lucerna
690 1699 766 1742 mero,

235 1763 282 1812 Illa
293 1763 345 1812 dies
355 1764 441 1813 hornis
451 1764 549 1812 caedem
561 1765 691 1813 denuntiat
703 1765 782 1828 agnis,

267 1844 438 1908 succinctique
448 1845 529 1894 calent
536 1845 568 1893 ad
578 1861 642 1894 nova
652 1844 721 1894 lucra
731 1860 816 1910 popae.

235 1923 283 1984 Ne,
294 1940 388 1988 precor,
398 1925 504 1974 ascensis
513 1925 577 1974 tanti
587 1926 619 1974 sit
629 1925 708 1989 gloria
718 1924 822 1981 Bactris,

267 2004 379 2068 Raptave
390 2006 492 2054 odorato
501 2006 605 2054 carbasa
616 2005 667 2053 lina
676 2004 740 2063 duci,

235 2085 355 2134 Plumbea
365 2101 420 2134 cum
432 2093 512 2135 tortae
526 2093 676 2150 sparguntur
688 2084 797 2150 ponde'ra
806 2084 905 2146 fundae,

267 2164 390 2215 Subdolus
401 2174 426 2216 et
438 2167 513 2215 versis
525 2168 636 2230 increpat
646 2181 718 2214 arcus
728 2166 804 2230 equis.

236 2245 292 2308 Sed,
303 2254 346 2295 tua
358 2249 393 2296 sio
403 2247 501 2296 domitis
511 2245 621 2296 Parthae
632 2245 728 2295 telluris
740 2245 846 2294 alumnis

265 2327 335 2375 Pura
344 2323 523 2392 'triumphantis
534 2328 606 2377 hasta
618 2333 737 2390 sequatur
747 2327 837 2391 equos!

235 2409 382 2472 Incorrupta
393 2409 440 2456 mei
451 2423 568 2456 conserva
578 2407 677 2456 foedera
687 2406 750 2455 lecti.

267 2489 321 2536 Hac
332 2503 377 2552 ago
389 2493 413 2536 te
423 2487 475 2536 sola
485 2487 539 2551 lege
550 2487 642 2536 redisse
653 2487 733 2536 velim

234 2569 363 2632 Armaque
373 2583 429 2616 cum
441 2567 520 2616 tulero
532 2575 617 2632 portae
627 2568 709 2616 votiva
718 2566 841 2632 Capenae,

267 2647 433 2708 subscribam,
444 2660 528 2696 suavo
540 2660 630 2696 enare
641 2661 746 2697 annuns
756 2659 829 2695 mac.

611 2729 678 2790 ntea.
690 2719 723 2775 iit
739 2731 796 2791 1·c;
812 2729 895 2776 aare.
