2054 3546
108 1083 302 1140 Pssurncus
325 1083 377 1140 ΤΟ
403 1083 517 1140 FIRST
543 1083 628 1138 AND
655 1082 807 1139 SEGOND

358 1181 557 1238 EDITIONS.

128 1371 147 1405 ’ξε
162 1372 184 1413 ξ,
206 1350 225 1401 Ὓκ

122 1404 148 1501 <t
162 1396 235 1501 ἔτεϊ

116 1487 240 1571 *effi
254 1523 386 1587 aliquoties
392 1523 514 1572 eiusmodi
521 1521 627 1571 Latinae
633 1537 734 1588 poeseos
741 1523 812 1586 quasi

108 1604 244 1670 speculum,
252 1604 321 1668 qnod
331 1611 357 1654 et
367 1604 475 1654 multum
487 1606 513 1654 in
524 1603 640 1653 manibus
651 1610 723 1666 esset,
734 1611 760 1652 et
767 1618 812 1652 ex-

108 1686 277 1750 quisitioribue
294 1686 446 1736 carminibus
463 1687 574 1736 animum
589 1693 714 1736 recrearet
730 1684 811 1734 rediu-

108 1775 273 1834 tegruretque‚
293 1783 382 1834 operae
401 1769 509 1834 pretium
529 1769 671 1830 visumst,
690 1775 811 1832 quantum

108 1851 224 1916 temporie
234 1865 268 1899 ex
279 1850 432 1914 quotidianis
443 1851 551 1914 negotiis
564 1858 712 1916 superesset,
724 1850 812 1899 adhoc

109 1931 253 1996 opusculum
262 1932 445 1981 contexendum
455 1931 575 1982 conferre.
591 1932 674 1995 Igitur
684 1932 813 1996 complura

111 2012 141 2061 ab
152 2015 219 2062 omui
230 2020 317 2062 vatum
334 2013 506 2063 Romanorum
523 2013 689 2078 perpetuitate
699 2014 777 2078 petita
787 2022 813 2063 et

110 2095 134 2142 in
144 2095 258 2144 ordinem
270 2095 376 2158 digesta,
387 2111 401 2144 e
413 2095 484 2145 libris
495 2096 539 2160 qui
549 2095 582 2144 od
592 2102 733 2144 extremum
744 2093 813 2145 volu-

110 2190 164 2224 men
180 2184 370 2240 enumerantur‚
389 2177 552 2227 exscribenda
573 2176 666 2226 curari.
700 2175 767 2225 Illud
787 2177 814 2224 in

110 2272 257 2323 unoquoque
267 2259 376 2308 carmine
387 2259 518 2322 deligendo
529 2260 646 2324 spectavi,
655 2265 684 2307 nt
691 2265 813 2323 quantum

111 2338 162 2388 deri
172 2347 265 2404 posset,
276 2347 358 2390 totum
369 2340 487 2405 quiddam
498 2348 557 2390 ante
573 2340 657 2390 oculos
667 2355 815 2406 proponere-

111 2428 159 2482 tur,
169 2422 196 2470 in
207 2437 258 2486 quo
268 2421 410 2486 legentium
420 2423 517 2472 animus
532 2423 634 2471 haerere
645 2429 726 2487 posset
738 2429 814 2486 atque

112 2504 274 2566 acquiescere.
292 2503 370 2553 Viros
380 2503 502 2554 doctiores
512 2520 584 2569 spero
594 2505 691 2553 reniam
703 2503 814 2566 daturos,

112 2585 233 2650 siparum
251 2585 310 2637 novi
326 2585 357 2634 de
373 2600 428 2634 meo
444 2585 514 2635 allati
530 2585 622 2635 notulis
638 2585 706 2648 insit,
718 2586 740 2634 ei
753 2585 815 2649 quid

112 2667 192 2717 minue
202 2666 302 2717 affabre
318 2668 482 2732 compositum
493 2669 534 2729 eit,
545 2667 650 2732 denique
661 2667 683 2716 ei
693 2667 815 2730 quaedam
