2070 3542
237 377 281 436 138
376 373 608 417 ANTHotoeu
628 374 772 419 emm.

234 467 296 530 Nec,
307 482 357 532 quc
368 483 394 516 se
406 468 502 532 eripiat,
511 483 565 529 nec,
574 482 624 531 qua
635 469 661 516 vi
672 468 757 517 tendat
765 469 790 516 in
801 467 906 529 hostem,

156 577 158 579 -
234 547 287 596 Nec
295 561 382 595 currus
390 562 495 610 usquam
505 546 573 594 videt
582 549 723 612 aurigamve
733 561 847 600 sororem.

234 627 366 678 Cunctanti
376 627 453 674 telum
463 627 564 676 Aeneas
573 627 649 676 fatale
660 635 781 684 coruscat,

234 707 342 756 Sortitus
353 707 477 756 fortunam
489 707 574 768 oculis,
585 714 610 756 et
620 723 723 773 corpore
733 715 785 756 tcto

199 821 201 826 -
235 787 339 839 Eminus
350 788 483 848 intorquet.
516 787 609 834 Murali
620 789 714 836 concita
724 802 861 852 numquam

235 865 367 915 Tormentc
378 867 412 914 sic
423 881 484 914 sexu
495 866 611 924 fremunt,
622 882 667 915 nec
678 867 780 916 fulmine
791 869 855 916 tanti

234 947 377 995 Dissultant
386 947 501 1010 crepitus.
536 946 614 995 Volat
624 947 674 994 atri
684 947 791 995 turbinis
802 947 880 995 instar

235 1027 349 1075 Exitium
357 1025 439 1074 dirum
450 1025 521 1073 hasta
531 1028 612 1074 serens
631 1041 736 1091 orasque
747 1027 850 1075 recludit

234 1106 336 1154 Loricae
346 1113 371 1154 et
381 1106 454 1170 clipei
465 1111 589 1154 extremos
600 1105 765 1170 septemplicis
775 1106 848 1155 orbis.

236 1186 286 1234 Per
296 1185 405 1234 medium
416 1185 523 1234 stridens
535 1186 625 1234 transit
636 1185 723 1234 femur.
757 1185 848 1234 Incidit
857 1186 920 1234 ictus

236 1267 326 1332 Ingens
337 1266 368 1314 ad
380 1272 472 1314 terram
482 1265 605 1328 duplicato
614 1266 707 1329 poplite
719 1263 827 1314 Turnus.

237 1347 396 1412 Consurgunt
406 1347 502 1411 gemitu
512 1344 609 1406 Rutuli,
620 1352 734 1408 totusque
744 1347 852 1408 remugit

235 1427 311 1476 Mons
320 1429 413 1476 circum
433 1433 458 1475 et
470 1441 552 1474 vocem
564 1425 614 1473 late
622 1440 722 1474 nemora
732 1425 783 1474 alta
791 1426 927 1474 remittunt.

234 1507 281 1556 Ille
293 1506 393 1556 humilis
404 1506 558 1570 supplexque
569 1506 651 1554 oculos
663 1506 824 1569 dextramque
832 1520 930 1570 precan-

331 1593 382 1634 tem

235 1665 396 1724 Prctendens,
406 1664 528 1727 Equidem
540 1665 617 1712 merui
638 1679 683 1712 nec
694 1664 818 1728 deprecor,
829 1665 910 1728 inquit
921 1683 929 1727 3

236 1745 314 1804 Utere
326 1752 392 1792 sorte
403 1751 453 1793 tua.
489 1743 578 1792 Miseri
589 1751 613 1792 te
625 1745 645 1792 si
656 1760 706 1808 que
715 1745 825 1809 parentis

161 1825 164 1832 ’
236 1823 350 1888 Tangere
361 1839 421 1872 cura
429 1829 519 1888 petest,
531 1839 584 1884 nro,
607 1823 665 1882 (init
676 1832 701 1873 et
712 1825 757 1872 tibi
766 1823 824 1872 talis

234 1904 358 1953 Anchises
369 1899 479 1970 genitur),
496 1905 581 1952 Dauni
590 1906 704 1953 miserere
716 1911 836 1966 senectae,

236 1985 270 2033 Et
279 2000 328 2046 me,
339 2000 382 2034 sen
393 2001 480 2050 corpus
492 1984 623 2048 spoliatum
633 1984 724 2032 lumine
735 1985 821 2046 mavis,

237 2064 322 2115 Redde
332 2066 402 2114 meis.
437 2064 537 2122 Vicisti,
548 2071 573 2112 et
584 2065 675 2112 victum
685 2064 786 2112 tendere
796 2063 893 2128 palmas

235 2145 343 2195 Ausonii
352 2145 450 2209 videre3
467 2151 558 2194 tuaest
570 2144 674 2193 Lavinia
683 2145 791 2193 coniunx
801 2165 808 2194 ε

236 2224 348 2274 Ulterius
359 2241 390 2274 ne
399 2225 473 2273 tende
483 2223 552 2273 odiis.
589 2223 664 2273 Stetit
678 2239 735 2273 acer
745 2225 771 2272 in
781 2225 857 2272 ermis

236 2304 344 2366 Aeneas,
356 2303 453 2352 volvens
464 2303 553 2358 oculos,
565 2302 727 2367 dextrumque
737 2303 868 2367 repressit3

237 2386 270 2434 Et
280 2386 330 2433 iam
341 2384 438 2446 iamque
450 2384 530 2446 magis
540 2369 694 2431 cunctairtem
704 2382 802 2432 flectere
811 2397 891 2431 sermo

236 2465 367 2528 Cneperat,
377 2462 464 2512 infelix
475 2462 578 2510 humero
588 2477 644 2511 cum
655 2461 770 2526 adparuit
780 2461 830 2510 alto

237 2545 338 2594 Balteus
348 2551 373 2593 et
383 2544 447 2592 notis
458 2543 580 2591 fulserunt
591 2542 689 2606 cingula
700 2541 774 2590 bullis

238 2625 358 2675 Pallantis
368 2624 450 2689 pueri,
460 2623 551 2671 victum
560 2638 633 2686 quem
644 2621 742 2670 volnere
754 2621 855 2670 Turnus

238 2706 366 2755 Straverat
378 2712 452 2767 atque
480 2703 571 2751 umeris
583 2703 707 2750 inimicum
720 2703 816 2766 insigne
824 2701 933 2767 gerebat.

238 2785 293 2850 Ille,
303 2786 379 2836 oculis
388 2793 518 2852 postquem
528 2783 594 2832 saevi
610 2781 761 2832 monimenta
771 2780 861 2830 doloris
