2054 3546
251 376 282 419 σῃ
392 369 623 414 ΑΝΊἮΟΕΟθΙΑ
648 371 791 416 LATINA.

250 463 312 511 lude
323 463 408 527 pedem
420 479 504 528 sospes
515 465 594 514 multa
604 480 659 514 cum
668 464 741 514 laude
752 455 852 518 reflexit

250 543 397 593 Errebundu
407 560 495 610 regens
506 546 575 593 tenui
586 546 691 610 vestigis
702 545 755 608 filo,

250 623 290 674 Ne
299 625 459 689 labyrintheis
469 640 484 673 e
494 624 599 673 flexibus
611 624 777 688 egredientem

250 703 321 754 Tecti
332 704 492 754 frustraretur
502 703 686 753 inobservabilis
697 719 773 753 error.

314 803 327 830 1
391 802 406 831 Q
470 802 484 831 Ο
548 801 563 830 1
628 801 642 830 Ο
707 801 720 830 1

250 863 329 930 Seepe
339 864 406 913 illem
417 864 547 928 perhibent
558 864 655 915 ardenti
666 863 739 913 corde
750 864 873 915 somniem

250 943 390 994 clarisonas
400 945 450 993 imo
461 944 554 992 fudisse
564 959 578 992 e
589 951 686 1008 pectore
696 959 775 1002 voees,

250 1024 353 1074 Actum
364 1033 510 1090 praeruptos
518 1025 614 1072 tristem
625 1025 785 1073 conscendere
797 1034 901 1085 montes,

250 1103 324 1153 Unde
333 1105 409 1153 eciem
421 1105 447 1152 in
456 1103 539 1168 pelagi
549 1111 630 1152 vestus
641 1105 797 1168 protenderet
807 1115 901 1166 uestris,

250 1183 314 1232 Tum
325 1184 423 1234 tremuli
435 1185 493 1234 salis
504 1184 618 1233 edversas
626 1199 770 1248 procurrere
781 1187 807 1234 in
818 1187 899 1238 undas

249 1263 337 1314 Mollis
345 1265 451 1314 nudatae
462 1264 586 1313 tollentem
597 1265 706 1328 tegmina
717 1281 796 1328 surae,

249 1344 335 1409 Atque
343 1344 404 1393 haec
414 1345 531 1393 extremis
538 1351 657 1392 maestam
667 1344 758 1392 dixisse
770 1345 895 1409 querellis,

248 1423 390 1488 Frigidnlos
402 1425 450 1472 udo
461 1424 585 1488 singultus
596 1440 638 1472 ore
649 1425 761 1474 cientem.

281 1503 389 1554 ‘Siccine
399 1520 438 1552 me
447 1505 535 1568 patriis
546 1511 665 1561 evectam,
676 1503 777 1568 perfide,
787 1504 819 1553 ab
830 1507 891 1568 sris,

248 1583 355 1645 Perfida
366 1584 462 1633 deserto
472 1583 566 1646 liquisti
577 1585 603 1633 in
615 1584 696 1646 litore,
707 1584 825 1634 Theseu?

248 1663 343 1713 Siccine
354 1662 480 1712 discedens
491 1663 600 1728 neglecto
610 1665 710 1712 numine
720 1664 803 1713 dirum

248 1744 371 1792 Inmemor
382 1744 414 1791 ah
425 1743 511 1792 devota
522 1744 620 1793 domum
632 1745 742 1808 periuria
752 1746 857 1809 portes?

247 1823 355 1873 Nullane
365 1839 405 1873 res
415 1825 497 1888 potuit
506 1824 612 1873 crudelis
622 1824 721 1873 flectere
730 1827 820 1874 mentis

247 1902 402 1953 Consilium?
419 1904 465 1953 tibi
475 1902 544 1952 nulla
552 1903 600 1954 tuit
610 1902 738 1952 clementia
748 1913 857 1969 praesto,

247 1983 336 2032 Inmite
347 1993 375 2033 ut
386 1985 464 2033 nostri
474 1984 548 2032 vellet
560 1985 715 2032 miserescere
726 1984 831 2047 pectus?

246 2063 284 2111 At
294 2079 344 2112 non
354 2063 415 2112 haec
425 2063 550 2127 quondum
560 2061 632 2110 nobis
643 2063 763 2125 promissa
774 2061 863 2113 dedisti

247 2142 316 2192 Voce
328 2163 335 2193 ε
353 2143 413 2192 mihi
423 2158 472 2192 non
482 2143 544 2192 haee
554 2142 658 2190 miserae
669 2157 768 2206 sperare
777 2141 890 2207 iubebas,

247 2221 296 2271 Sed
305 2222 427 2272 connubio
435 2222 509 2284 laeta,
520 2221 563 2270 sed
574 2229 671 2286 optatos
681 2222 841 2287 hymenaeos,

247 2301 317 2362 Ques
326 2309 414 2351 cuncta
426 2305 492 2351 aerei
502 2303 644 2366 discerpunt
653 2301 724 2351 irrita
734 2303 811 2352 venti.

246 2383 311 2431 'llum
322 2384 371 2432 iem
382 2383 450 2432 nulle
459 2384 513 2432 viro
524 2384 616 2432 ius-enti
626 2383 717 2432 lemine
727 2383 820 2446 credat,

246 2463 323 2512 Nulla
333 2465 380 2512 viri
392 2469 474 2528 speret
484 2479 608 2512 sermones
618 2479 671 2512 esse
682 2462 767 2512 fideles
777 2483 784 2527 3

246 2543 309 2604 Quis
319 2544 377 2592 dum
389 2544 482 2608 aliquid
492 2545 593 2608 cupiens
602 2545 844 2610 animuspreegestit
852 2547 942 2612 apion,

246 2626 290 2675 Nil
300 2632 412 2675 metuunt
422 2626 513 2686 iurem,
524 2625 585 2674 nibil
597 2626 740 2690 promittere
750 2632 873 2688 percunte

246 2707 296 2757 Sed
305 2705 378 2756 simul
389 2721 417 2754 ec
427 2705 530 2769 cupidae
541 2706 630 2754 mentis
641 2706 730 2754 satiata
741 2704 817 2753 libido
827 2713 877 2770 est,

246 2787 322 2837 Dicte
332 2783 392 2835 nihil
403 2792 521 2849 metuere,
531 2784 594 2834 nihil
604 2785 713 2850 periuris
723 2790 819 2834 curent
