2110 3540
238 375 285 426 ιφ
377 365 608 409 snrnoaoem
635 366 775 410 amna

236 457 304 507 Saxa
313 459 475 524 triumphales
486 460 583 525 fregere
594 459 724 524 Capherea
734 474 839 525 puppes,

267 538 397 602 Naufraga
406 555 461 588 cum
473 548 543 589 vasto
554 540 660 590 Graecia
671 548 751 590 tracta
761 541 814 590 salo
824 547 868 592 est,

234 619 365 668 Paullatim
377 622 469 668 socium
479 621 599 670 iacturam
610 620 677 670 flevit
688 621 785 684 Ulixes,

267 698 297 747 ln
308 715 375 747 mare
385 700 425 748 cui
434 700 500 748 soliti
510 716 559 749 nen
570 701 667 749 valuere
678 701 734 750 doli.

235 774 307 834 Quod
319 776 340 822 si
349 781 479 824 contentus
489 777 571 840 patrio
582 776 644 825 bove
654 783 761 825 verteret
773 791 855 841 agros,

267 850 401 914 Verbaque
412 851 525 900 duxisset
534 852 629 915 pondus
640 851 730 900 habere
741 868 804 909 mea,

234 925 338 975 Viveret
348 935 405 975 ante
415 943 472 975 suos
483 927 561 976 duleis
570 928 675 976 conviva
685 928 799 990 Penates,

266 1003 373 1067 Pauper,
381 1012 408 1050 at
418 1004 444 1050 in
455 1009 530 1065 terra,
541 1003 575 1051 nil
587 1003 629 1051 ubi
640 1003 699 1052 llere
709 1011 796 1068 potest.

234 1079 292 1127 Non
301 1078 359 1128 tulit
369 1078 410 1127 hic
422 1078 513 1128 Paetus
524 1079 654 1127 stridorem
665 1080 751 1128 audire
766 1079 894 1144 procellae,

265 1160 299 1208 Et
309 1159 372 1208 ‹luro
383 1167 480 1208 teneras
491 1159 588 1208 laedere
599 1160 657 1208 fune
668 1177 765 1221 manus,

234 1239 282 1290 Sed
292 1240 363 1306 thyio
373 1241 482 1290 thalamo
493 1248 536 1288 ant
548 1240 631 1289 Oricia
641 1240 782 1289 terebintho

265 1321 384 1370 Effultum
395 1322 478 1386 pluma
488 1321 632 1370 versicolore
643 1328 725 1386 caput.

233 1401 298 1450 Huic
308 1401 397 1450 fluctus
407 1403 463 1450 vivo
472 1402 590 1450 radicitus
602 1402 703 1450 abstulit
713 1417 817 1465 ungues,

264 1483 298 1533 Et
307 1485 382 1530 miser
392 1484 494 1530 invisam
506 1483 585 1532 traxit
596 1482 678 1531 hiatus
690 1498 795 1546 aquam3

231 1564 305 1612 Hunc
315 1579 392 1628 parvo
402 1563 463 1612 ferri
472 1563 534 1611 vidit
544 1579 595 1612 nox
606 1564 717 1628 improba
726 1563 808 1628 lign03

263 1643 354 1692 Paetus
365 1652 394 1690 ut
405 1642 534 1704 occideret,
546 1650 584 1694 tot
594 1645 673 1692 coiere
686 1643 759 1692 mala.

230 1722 304 1771 Flens
315 1730 397 1771 tamen
407 1724 523 1772 extremis
534 1723 668 1772 dedithaee
679 1723 795 1772 mandata
807 1721 921 1787 querellis

262 1803 325 1852 Cum
336 1803 482 1852 moribunda
492 1805 563 1869 niger
572 1804 698 1854 clauderet
708 1820 753 1853 ora
763 1804 857 1868 liquor:

229 1891 237 1914 ‘
250 1883 283 1932 Di
293 1886 367 1933 maris
378 1884 473 1949 Aegaei
481 1901 542 1948 quos
553 1894 610 1934 sunt
621 1901 695 1950 penes
706 1901 822 1948 aequora,
833 1885 919 1942 Venti,

261 1965 294 2013 Et
305 1981 473 2028 quaecumque
483 1982 565 2014 meum
577 1965 695 2031 degravat
706 1967 772 2013 unda
782 1974 866 2029 caput,

233 2043 288 2104 Quo
300 2047 388 2109 rapitis
398 2047 500 2094 miseros
510 2047 605 2110 primae
616 2046 740 2110 lanuginis
751 2047 848 2094 annos?

261 2120 399 2170 Attulimus
408 2121 495 2184 longas
506 2123 532 2168 in
544 2121 609 2169 freta
620 2129 702 2169 vestra
712 2137 806 2169 manus.

229 2202 273 2250 Ah
283 2204 357 2250 miser
368 2201 499 2266 alcyonum
511 2201 615 2265 seopulis
627 2201 731 2266 adfligar
740 2203 835 2266 acutis3

260 2283 291 2332 In
301 2299 340 2332 me
350 2283 463 2332 caeruleo
475 2281 571 2330 fuscina
582 2291 680 2346 sumpta
690 2283 736 2331 dec
746 2290 790 2331 est.

228 2365 266 2412 At
275 2363 362 2412 saltem
372 2362 459 2410 Italiae
469 2363 613 2427 regionibus
623 2361 728 2410 advehet
741 2367 841 2423 aestus3

260 2445 314 2493 Hoc
324 2444 354 2492 de
365 2459 403 2492 me
413 2451 452 2492 sat
462 2445 511 2492 erit
522 2445 543 2491 si
554 2443 625 2492 modo
635 2444 721 2492 matris
731 2444 798 2492 erit!

228 2525 359 2575 Subtrahit
366 2524 426 2574 haec
437 2524 527 2573 fantem
539 2532 605 2572 torta
616 2524 736 2588 vertigine
745 2523 850 2588 fluctus3

260 2604 355 2665 Ultima
366 2621 429 2669 quae
441 2603 518 2652 Paeto
531 2619 626 2669 voxque
638 2603 738 2667 diesque
750 2603 804 2651 fuit.

228 2684 360 2734 Ocentum
371 2699 508 2748 aequoreae
519 2683 601 2732 Nereo
611 2685 723 2748 genitore
733 2682 837 2748 puellae,

258 2763 292 2812 Et
302 2771 330 2812 tu
340 2773 451 2813 materno
461 2770 527 2812 tacta
541 2763 624 2812 dolore
636 2761 731 2821 Thetis,
