2098 3546
367 361 542 406 arcanus.
756 370 804 424 2⁶9

115 451 243 519 Sortilegis
252 461 340 518 egeant
350 453 426 512 dubii,
437 469 582 519 semperque
593 453 684 504 fumria

113 532 218 584 Casibus
228 534 345 598 aucipites
355 552 361 582 ι
377 550 416 582 mc
427 550 476 583 uon
486 534 586 583 oracula
596 541 699 596 certum,

114 612 236 662 Sedmcra
242 612 383 662 certassem
400 613 493 662 Pavido
500 613 607 678 fortique
614 612 749 663 cadendum
758 623 806 665 cst:

113 693 167 742 Hoc
178 694 238 742 satis
249 700 286 742 est
297 693 388 742 dixisse
398 694 498 743 Iovem!
532 691 573 743 Sic
584 693 625 742 ille
636 694 747 757 prointus

115 774 264 838 Servataque
274 773 323 823 fids
333 774 426 839 templi,
438 774 540 823 discedit
550 774 582 823 ab
592 775 652 835 aria,

113 855 171 904 Non
181 856 336 920 exploratum
346 854 443 920 populis
455 855 581 905 Ammona
591 855 739 919 relinquens.

144 937 201 1000 Ipse
212 951 286 985 mauu
297 951 343 984 aua
353 935 403 1000 pila
413 936 493 997 garit3
513 935 640 1000 praecedit
649 935 733 985 anheli

111 1015 201 1066 Militia
211 1031 255 1065 ora
264 1015 338 1080 pedes
350 1034 356 1064 z
372 1021 494 1064 monstrat
504 1015 609 1065 tolerare
619 1031 731 1080 vapores.
776 1043 779 1048 ·

111 1095 169 1144 Non
180 1095 263 1159 iubct3
280 1102 306 1144 et
316 1095 385 1143 nulla
395 1095 493 1144 vehitur
502 1097 595 1145 cervice
606 1097 708 1162 supinus

111 1175 285 1240 Carpentoque
296 1175 389 1225 sedens.
424 1175 510 1224 Somni
518 1176 675 1240 parcissimus
687 1177 738 1240 ipse
748 1185 795 1236 est,

111 1255 221 1306 Ultimus
232 1256 335 1305 hausmr
344 1271 429 1320 aquae.
455 1254 518 1304 Cum
527 1255 625 1303 taudem
635 1255 702 1305 some
708 1266 806 1324 reperto

110 1337 200 1402 Indiga
209 1345 312 1402 cogetur
321 1338 407 1386 latices
416 1343 502 1401 potare
513 1337 635 1397 iuventus,

112 1416 177 1474 Stat,
185 1417 245 1466 dum
252 1417 304 1465 lixa
312 1417 388 1466 bibat
424 1416 451 1466 Si
462 1417 528 1465 reris
538 1431 630 1482 magna
638 1423 742 1484 paratur

110 1499 189 1547 Fama
198 1497 276 1554 bonis,
287 1504 313 1545 et
322 1497 344 1546 si
353 1513 465 1547 successu
476 1497 543 1546 nuda
552 1504 646 1546 remoto

109 1578 244 1642 Inspicitur
254 1579 342 1640 virtus,
352 1577 472 1641 quidquid
481 1577 610 1626 laudamus
621 1579 647 1626 in
657 1577 708 1628 ullo

110 1657 245 1718 Maiarum,
255 1656 356 1706 fortune
366 1656 421 1706 fuit.
454 1657 517 1717 Quis
527 1657 610 1706 Marte
622 1658 737 1721 secundo,

111 1737 174 1798 Quia
185 1745 282 1786 tantum
291 1737 382 1785 meruit
391 1738 538 1802 populorum
548 1739 668 1803 sanguiue
678 1737 787 1787 nomeu?

110 1818 185 1867 Hunc
195 1811 242 1882 ege
252 1832 296 1881 per
309 1815 394 1882 Syrtes
404 1816 548 1882 Libyaeque
558 1825 670 1867 exucma
680 1819 764 1867 trium·

206 1897 284 1961 phum

111 1977 209 2027 Ducere
219 1976 356 2034 maluerim,
367 1991 442 2039 quam
452 1982 491 2025 ter
502 1975 625 2042 Capitolia
634 1992 709 2026 curru

111 2056 236 2108 Scandere
245 2056 367 2122 Pompeii,
379 2072 454 2120 quam
464 2057 578 2123 frangere
588 2057 651 2106 colla
660 2056 804 2122 Iugurthae.

544 2141 581 2187 Id.
594 2154 617 2187 v.
628 2142 740 2188 564600.

398 2411 515 2516 <div
