2070 3542
249 381 281 426 94
386 366 617 410 aurnoaoou
643 369 784 414 LATINA.

248 460 313 521 Duc,
323 475 378 524 age,
389 459 436 508 duc
446 459 477 508 ad
487 475 546 526 nos3
562 461 600 510 fas
611 461 647 509 ilii
657 461 743 510 limina
753 463 837 512 divom
927 489 930 497 «

249 538 369 604 Tangere,
379 541 422 591 ait.
459 539 537 589 Simul
547 541 597 590 alta
606 542 674 590 iubet
684 543 808 591 discedere
818 543 870 592 late

247 621 370 677 Flumina,
380 637 431 684 qua
440 621 535 670 iuvenis
544 637 643 686 gressus
654 622 765 671 inferret.
798 623 836 672 Aa
846 622 916 672 illum
932 657 936 668 .

247 701 357 751 carrata
368 701 394 748 in
404 702 495 749 montis
506 701 593 750 faciem
604 702 766 750 circumstetit
777 702 845 750 unda

247 781 398 844 Accepitque
409 781 464 828 sinu
473 788 542 828 vaste
554 781 670 844 misitque
681 780 727 828 sub
738 796 843 835 amnem.

246 859 349 924 Iamque
359 859 457 908 demum
468 860 561 907 mirans
571 859 702 924 genetricis
713 866 738 907 et
764 859 851 907 ‚umida
862 873 940 923 regna

247 939 420 1004 speluncisque
431 939 498 987 lacus
508 940 612 1001 clausos,
620 939 737 1003 lucosque
748 941 867 1000 sonantis,

246 1018 311 1081 Ibat,
322 1026 348 1068 et
356 1019 450 1083 ingenti
460 1026 529 1067 motu
540 1019 691 1082 stupefactus
702 1035 824 1082 aquarum

246 1099 335 1148 Omnia
346 1099 392 1148 sub
402 1114 493 1164 magna
502 1098 612 1146 labentia·
619 1098 722 1146 flumina
732 1106 801 1147 terra

246 1179 378 1244 Spectabat
389 1179 483 1228 diversa
493 1179 561 1234 loeis,
573 1179 730 1241 Phasimque,
741 1177 897 1242 Lycumque,

245 1259 279 1308 Et
287 1267 368 1324 caput,
380 1260 445 1308 unde
456 1261 520 1309 altus
530 1261 637 1324 primum
648 1274 673 1308 se
684 1260 792 1322 erumpit
803 1259 923 1323 Enipeus,

246 1339 318 1388 Unde
328 1348 399 1405 pater
409 1341 546 1398 Tiberinus,
556 1347 581 1390 et
591 1340 656 1389 unde
667 1339 766 1388 Aniena
776 1339 880 1399 fluenta,

246 1418 402 1483 Saxosusque
413 1436 502 1469 sonans
512 1421 635 1485 Hypanis,
646 1420 784 1484 Mysusque
796 1418 893 1478 Caicus,

244 1497 279 1545 Et
286 1499 384 1561 gemina
393 1503 494 1542 auratus
505 1495 603 1543 taurino
613 1511 705 1544 cornua
716 1497 784 1546 voltu

245 1574 376 1631 Eridanus,
388 1590 437 1637 quo
448 1590 497 1623 ncn
508 1575 570 1623 alius
581 1590 625 1639 per
635 1577 739 1640 pinguia
749 1577 817 1626 culta

245 1655 276 1704 In
286 1669 354 1702 mare
365 1668 515 1719 purpureum
526 1655 653 1705 violentior
664 1656 742 1706 effluit
753 1659 841 1706 amnis

292 1741 297 1752 ·
750 1753 775 1786 v.
787 1739 905 1788 343378.

530 1846 645 1883 nxxvm.

453 1949 501 2001 aaa
513 1951 558 2003 aa
568 1950 731 2017 antaee.

246 2025 492 2272 ffiffliffl
507 2048 593 2113 pedem
609 2047 718 2096 referens
732 2062 807 2097 casus
822 2056 939 2098 evaserat

381 2147 940 2274 RedditifflieEurydicesuperasveniebatad
1026 2239 1027 2300 q

340 2307 414 2340 ΜΝ

244 2372 312 2421 Pone
327 2385 578 2435 sequens,-namque
593 2369 657 2418 hanc
672 2367 773 2416 dederat
788 2367 940 2432 Proserpina

340 2450 450 2515 legem-

244 2535 307 2586 Oum
318 2532 399 2582 subita
409 2532 534 2579 incautum
545 2527 668 2576 dementia
678 2527 743 2590 cepit
755 2531 889 2586 amantem,

243 2612 396 2680 Ignoscenda
407 2609 514 2676 quidem,
526 2609 618 2657 seirent
629 2608 650 2656 si
661 2608 788 2670 ignoscere
800 2605 906 2656 Menesi

244 2695 354 2752 Restitit,
365 2690 554 2756 Eurydicenque
564 2702 641 2745 suam,
652 2686 702 2734 iam
713 2685 767 2733 luce
778 2684 823 2734 sub
834 2685 889 2748 ipsa

234 2772 374 2832 Immemor,
381 2773 444 2820 heu!
458 2771 586 2832 victusque
593 2767 668 2817 animi
676 2765 794 2830 respexit:
815 2763 940 2813 ibiomnis
