<?xml version="1.0" encoding="UTF-8"?>
<!DOCTYPE html PUBLIC "-//W3C//DTD XHTML 1.0 Transitional//EN"
    "http://www.w3.org/TR/xhtml1/DTD/xhtml1-transitional.dtd">
<html xmlns="http://www.w3.org/1999/xhtml" xml:lang="en" lang="en">
 <head>
  <title>
</title>
<meta http-equiv="Content-Type" content="text/html;charset=utf-8" />
  <meta name='ocr-system' content='tesseract 3.04.00' />
  <meta name='ocr-capabilities' content='ocr_page ocr_carea ocr_par ocr_line ocrx_word'/>
</head>
<body>
  <div class='ocr_page' id='page_1' title='image "./anthologialatin01thacgoog_0197.png"; bbox 0 0 2110 3540; ppageno 0'>
   <div class='ocr_carea' id='block_1_1' title="bbox 296 367 832 428">
    <p class='ocr_par' dir='ltr' id='par_1_1' title="bbox 296 367 832 428">
     <span class='ocr_line' id='line_1_1' title="bbox 296 367 832 428; baseline 0.011 -18"><span class='ocrx_word' id='word_1_1' title='bbox 296 373 299 380; x_wconf 68' lang='lat'><strong>⁴</strong></span> <span class='ocrx_word' id='word_1_2' title='bbox 393 367 582 412; x_wconf 73' lang='lat' dir='ltr'><em>HORATIUS.</em></span> <span class='ocrx_word' id='word_1_3' title='bbox 790 383 832 428; x_wconf 80' lang='lat'><strong>175</strong></span> 
     </span>
    </p>
   </div>
   <div class='ocr_carea' id='block_1_2' title="bbox 139 459 838 1246">
    <p class='ocr_par' dir='ltr' id='par_1_2' title="bbox 139 459 838 1246">
     <span class='ocr_line' id='line_1_2' title="bbox 139 459 827 525; baseline -0.004 -15"><span class='ocrx_word' id='word_1_4' title='bbox 139 461 227 510; x_wconf 84' lang='lat' dir='ltr'><strong>Curtia</strong></span> <span class='ocrx_word' id='word_1_5' title='bbox 238 461 339 510; x_wconf 82' lang='lat' dir='ltr'><strong>Iudaeis</strong></span> <span class='ocrx_word' id='word_1_6' title='bbox 349 461 471 525; x_wconf 84' lang='lat' dir='ltr'><strong>oppadere</strong></span> <span class='ocrx_word' id='word_1_7' title='bbox 480 462 505 509; x_wconf 69' lang='grc' dir='ltr'><strong><em>Ρ</em></strong></span> <span class='ocrx_word' id='word_1_8' title='bbox 530 460 622 510; x_wconf 86' lang='lat' dir='ltr'><strong>‘Nulla</strong></span> <span class='ocrx_word' id='word_1_9' title='bbox 630 459 710 520; x_wconf 87' lang='lat' dir='ltr'><strong>mihi,&#39;</strong></span> <span class='ocrx_word' id='word_1_10' title='bbox 718 460 827 523; x_wconf 86' lang='lat' dir='ltr'><strong>inquam,</strong></span> 
     </span>
     <span class='ocr_line' id='line_1_3' title="bbox 141 539 837 604; baseline -0.006 -14"><span class='ocrx_word' id='word_1_11' title='bbox 141 541 255 604; x_wconf 80' lang='lat' dir='ltr'>‘Religio</span> <span class='ocrx_word' id='word_1_12' title='bbox 267 541 321 590; x_wconf 84' lang='lat' dir='ltr'><strong>est&#39;</strong></span> <span class='ocrx_word' id='word_1_13' title='bbox 353 543 408 590; x_wconf 85' lang='lat' dir='ltr'><strong>‘At</strong></span> <span class='ocrx_word' id='word_1_14' title='bbox 418 542 467 589; x_wconf 75' lang='lat' dir='ltr'><strong>miz</strong></span> <span class='ocrx_word' id='word_1_15' title='bbox 485 557 540 590; x_wconf 92' lang='lat' dir='ltr'><strong>sum</strong></span> <span class='ocrx_word' id='word_1_16' title='bbox 550 539 624 604; x_wconf 86' lang='lat' dir='ltr'><strong>paulo</strong></span> <span class='ocrx_word' id='word_1_17' title='bbox 635 539 763 596; x_wconf 85' lang='lat' dir='ltr'><strong>infirmior,</strong></span> <span class='ocrx_word' id='word_1_18' title='bbox 774 553 837 588; x_wconf 88' lang='lat' dir='ltr'><strong>unus</strong></span> 
     </span>
     <span class='ocr_line' id='line_1_4' title="bbox 140 618 812 686; baseline -0.006 -16"><span class='ocrx_word' id='word_1_19' title='bbox 140 621 293 670; x_wconf 77' lang='lat' dir='ltr'><strong>Multorum</strong></span> <span class='ocrx_word' id='word_1_20' title='bbox 317 622 447 686; x_wconf 79' lang='lat' dir='ltr'><strong>ignosaasr</strong></span> <span class='ocrx_word' id='word_1_21' title='bbox 471 621 533 670; x_wconf 86' lang='lat' dir='ltr'><strong>alias</strong></span> <span class='ocrx_word' id='word_1_22' title='bbox 552 620 657 684; x_wconf 69' lang='lat' dir='ltr'><strong>loquar!</strong></span> <span class='ocrx_word' id='word_1_23' title='bbox 697 618 812 668; x_wconf 82' lang='lat' dir='ltr'><strong>Huncine</strong></span> 
     </span>
     <span class='ocr_line' id='line_1_5' title="bbox 241 700 318 750; baseline -0.026 0"><span class='ocrx_word' id='word_1_24' title='bbox 241 700 318 750; x_wconf 86' lang='lat' dir='ltr'><strong>solem</strong></span> 
     </span>
     <span class='ocr_line' id='line_1_6' title="bbox 142 779 831 846; baseline -0.004 -16"><span class='ocrx_word' id='word_1_25' title='bbox 142 780 207 830; x_wconf 85' lang='lat' dir='ltr'><strong>Tam</strong></span> <span class='ocrx_word' id='word_1_26' title='bbox 217 783 317 846; x_wconf 82' lang='lat' dir='ltr'><strong>nigrum</strong></span> <span class='ocrx_word' id='word_1_27' title='bbox 328 797 431 830; x_wconf 79' lang='lat' dir='ltr'>surrexe</span> <span class='ocrx_word' id='word_1_28' title='bbox 441 782 517 830; x_wconf 87' lang='lat' dir='ltr'><strong>mihi!</strong></span> <span class='ocrx_word' id='word_1_29' title='bbox 535 781 612 846; x_wconf 84' lang='lat' dir='ltr'><strong>Fugit</strong></span> <span class='ocrx_word' id='word_1_30' title='bbox 622 779 741 844; x_wconf 87' lang='lat' dir='ltr'><strong>inprobus</strong></span> <span class='ocrx_word' id='word_1_31' title='bbox 752 795 780 828; x_wconf 89' lang='lat' dir='ltr'><strong>ae</strong></span> <span class='ocrx_word' id='word_1_32' title='bbox 792 795 831 828; x_wconf 87' lang='lat' dir='ltr'><strong>ma</strong></span> 
     </span>
     <span class='ocr_line' id='line_1_7' title="bbox 142 860 715 925; baseline -0.007 -14"><span class='ocrx_word' id='word_1_33' title='bbox 142 862 195 911; x_wconf 87' lang='lat' dir='ltr'><strong>Sub</strong></span> <span class='ocrx_word' id='word_1_34' title='bbox 206 862 286 911; x_wconf 86' lang='lat' dir='ltr'><strong>cultro</strong></span> <span class='ocrx_word' id='word_1_35' title='bbox 297 863 394 925; x_wconf 82' lang='lat' dir='ltr'><strong>linquit.</strong></span> <span class='ocrx_word' id='word_1_36' title='bbox 427 863 493 912; x_wconf 86' lang='lat' dir='ltr'><strong>Casu</strong></span> <span class='ocrx_word' id='word_1_37' title='bbox 503 863 570 911; x_wconf 82' lang='lat' dir='ltr'><strong>venit</strong></span> <span class='ocrx_word' id='word_1_38' title='bbox 581 860 667 910; x_wconf 85' lang='lat' dir='ltr'><strong>obvius</strong></span> <span class='ocrx_word' id='word_1_39' title='bbox 678 860 715 908; x_wconf 91' lang='lat' dir='ltr'><strong>illi</strong></span> 
     </span>
     <span class='ocr_line' id='line_1_8' title="bbox 142 940 760 1006; baseline -0.005 -16"><span class='ocrx_word' id='word_1_40' title='bbox 142 940 309 990; x_wconf 77' lang='lat' dir='ltr'>Adversarius</span> <span class='ocrx_word' id='word_1_41' title='bbox 319 952 344 991; x_wconf 91' lang='lat' dir='ltr'><strong>et</strong></span> <span class='ocrx_word' id='word_1_42' title='bbox 354 943 361 968; x_wconf 90' lang='lat'>‘</span> <span class='ocrx_word' id='word_1_43' title='bbox 373 941 429 1002; x_wconf 85' lang='lat' dir='ltr'><strong>Quo</strong></span> <span class='ocrx_word' id='word_1_44' title='bbox 437 949 465 990; x_wconf 90' lang='lat' dir='ltr'><strong>tu</strong></span> <span class='ocrx_word' id='word_1_45' title='bbox 475 943 615 1006; x_wconf 85' lang='lat' dir='ltr'><strong>turpissima</strong></span> <span class='ocrx_word' id='word_1_46' title='bbox 628 941 652 988; x_wconf 66' lang='grc' dir='ltr'><strong><em>Ρ</em></strong></span> <span class='ocrx_word' id='word_1_47' title='bbox 670 956 760 1006; x_wconf 84' lang='lat' dir='ltr'><strong>magna</strong></span> 
     </span>
     <span class='ocr_line' id='line_1_9' title="bbox 141 1020 779 1084; baseline -0.003 -14"><span class='ocrx_word' id='word_1_48' title='bbox 141 1021 263 1070; x_wconf 78' lang='lat' dir='ltr'>Inclamat</span> <span class='ocrx_word' id='word_1_49' title='bbox 274 1037 340 1083; x_wconf 84' lang='lat' dir='ltr'><strong>veae,</strong></span> <span class='ocrx_word' id='word_1_50' title='bbox 350 1028 375 1071; x_wconf 91' lang='lat' dir='ltr'><strong>et</strong></span> <span class='ocrx_word' id='word_1_51' title='bbox 387 1021 473 1070; x_wconf 79' lang='lat' dir='ltr'><strong>‘Licet</strong></span> <span class='ocrx_word' id='word_1_52' title='bbox 483 1022 603 1070; x_wconf 71' lang='lat' dir='ltr'><strong>antestari</strong></span> <span class='ocrx_word' id='word_1_53' title='bbox 614 1020 640 1068; x_wconf 71' lang='lat' dir='ltr'><strong>i&#39;</strong></span> <span class='ocrx_word' id='word_1_54' title='bbox 656 1020 711 1084; x_wconf 81' lang='lat' dir='ltr'><strong>Ego</strong></span> <span class='ocrx_word' id='word_1_55' title='bbox 720 1035 779 1068; x_wconf 86' lang='lat' dir='ltr'><strong>vero</strong></span> 
     </span>
     <span class='ocr_line' id='line_1_10' title="bbox 143 1099 838 1165; baseline -0.003 -15"><span class='ocrx_word' id='word_1_56' title='bbox 143 1100 248 1165; x_wconf 90' lang='lat' dir='ltr'>Oppono</span> <span class='ocrx_word' id='word_1_57' title='bbox 256 1102 398 1150; x_wconf 75' lang='lat' dir='ltr'><strong>auriculam.</strong></span> <span class='ocrx_word' id='word_1_58' title='bbox 421 1100 498 1164; x_wconf 83' lang='lat' dir='ltr'><strong>Rapit</strong></span> <span class='ocrx_word' id='word_1_59' title='bbox 506 1102 592 1148; x_wconf 70' lang='lat' dir='ltr'><strong>iniust</strong></span> <span class='ocrx_word' id='word_1_60' title='bbox 604 1099 696 1148; x_wconf 77' lang='lat' dir='ltr'><strong>clamor</strong></span> <span class='ocrx_word' id='word_1_61' title='bbox 707 1100 838 1163; x_wconf 81' lang='lat' dir='ltr'><strong>utrimque,</strong></span> 
     </span>
     <span class='ocr_line' id='line_1_11' title="bbox 143 1177 763 1246; baseline -0.002 -17"><span class='ocrx_word' id='word_1_62' title='bbox 143 1179 260 1246; x_wconf 84' lang='lat' dir='ltr'><strong>Undique</strong></span> <span class='ocrx_word' id='word_1_63' title='bbox 271 1195 412 1230; x_wconf 82' lang='lat' dir='ltr'><strong>eoncursus.</strong></span> <span class='ocrx_word' id='word_1_64' title='bbox 448 1179 489 1230; x_wconf 85' lang='lat' dir='ltr'><strong>Sia</strong></span> <span class='ocrx_word' id='word_1_65' title='bbox 497 1196 537 1229; x_wconf 89' lang='lat' dir='ltr'><strong>me</strong></span> <span class='ocrx_word' id='word_1_66' title='bbox 548 1180 655 1229; x_wconf 81' lang='lat' dir='ltr'><strong>servavit</strong></span> <span class='ocrx_word' id='word_1_67' title='bbox 663 1177 763 1242; x_wconf 87' lang='lat' dir='ltr'>Apollo.</span> 
     </span>
    </p>
   </div>
   <div class='ocr_carea' id='block_1_3' title="bbox 348 1433 642 1756">
    <p class='ocr_par' dir='ltr' id='par_1_3' title="bbox 348 1433 642 1756">
     <span class='ocr_line' id='line_1_12' title="bbox 442 1433 555 1469; baseline 0 -1"><span class='ocrx_word' id='word_1_68' title='bbox 442 1433 555 1469; x_wconf 84' lang='lat' dir='ltr'><strong>cxxvm.</strong></span> 
     </span>
     <span class='ocr_line' id='line_1_13' title="bbox 368 1555 621 1625; baseline 0 -17"><span class='ocrx_word' id='word_1_69' title='bbox 368 1555 487 1625; x_wconf 75' lang='lat' dir='ltr'><em>Epistol.</em></span> <span class='ocrx_word' id='word_1_70' title='bbox 526 1555 587 1608; x_wconf 91' lang='lat' dir='ltr'>Lib.</span> <span class='ocrx_word' id='word_1_71' title='bbox 603 1556 621 1608; x_wconf 86' lang='lat' dir='ltr'><strong>i.</strong></span> 
     </span>
     <span class='ocr_line' id='line_1_14' title="bbox 348 1699 642 1756; baseline -0.01 -1"><span class='ocrx_word' id='word_1_72' title='bbox 348 1702 385 1756; x_wconf 81' lang='lat' dir='ltr'><strong>To</strong></span> <span class='ocrx_word' id='word_1_73' title='bbox 400 1700 496 1753; x_wconf 73' lang='lat' dir='ltr'><strong>Altius</strong></span> <span class='ocrx_word' id='word_1_74' title='bbox 514 1699 642 1752; x_wconf 74' lang='lat' dir='ltr'><strong>Tibullua</strong></span> 
     </span>
    </p>
   </div>
   <div class='ocr_carea' id='block_1_4' title="bbox 144 1796 834 2840">
    <p class='ocr_par' dir='ltr' id='par_1_4' title="bbox 152 1796 834 2031">
     <span class='ocr_line' id='line_1_15' title="bbox 152 1796 834 1891; baseline 0.006 -25"><span class='ocrx_word' id='word_1_75' title='bbox 152 1797 206 1891; x_wconf 49' lang='lat' dir='ltr'><strong>i&amp;</strong></span> <span class='ocrx_word' id='word_1_76' title='bbox 215 1796 263 1890; x_wconf 44' lang='grc' dir='ltr'><strong>’ᾧ</strong></span> <span class='ocrx_word' id='word_1_77' title='bbox 269 1818 335 1880; x_wconf 89' lang='lat' dir='ltr'>LBI,</span> <span class='ocrx_word' id='word_1_78' title='bbox 346 1827 486 1868; x_wconf 82' lang='lat' dir='ltr'><strong>nostrornm</strong></span> <span class='ocrx_word' id='word_1_79' title='bbox 494 1836 633 1869; x_wconf 85' lang='lat' dir='ltr'><strong>sermonum</strong></span> <span class='ocrx_word' id='word_1_80' title='bbox 641 1821 743 1870; x_wconf 88' lang='lat' dir='ltr'><strong>eandida</strong></span> <span class='ocrx_word' id='word_1_81' title='bbox 752 1823 834 1879; x_wconf 83' lang='lat' dir='ltr'><strong>iudex,</strong></span> 
     </span>
     <span class='ocr_line' id='line_1_16' title="bbox 159 1874 794 2028; baseline 0.006 -82"><span class='ocrx_word' id='word_1_82' title='bbox 159 1874 263 2028; x_wconf 39' lang='lat' dir='ltr'><strong>EC}</strong></span> <span class='ocrx_word' id='word_1_83' title='bbox 285 1898 351 1958; x_wconf 85' lang='lat' dir='ltr'>Quid</span> <span class='ocrx_word' id='word_1_84' title='bbox 362 1915 427 1948; x_wconf 83' lang='lat' dir='ltr'><strong>nune</strong></span> <span class='ocrx_word' id='word_1_85' title='bbox 438 1907 463 1948; x_wconf 92' lang='lat' dir='ltr'><strong>te</strong></span> <span class='ocrx_word' id='word_1_86' title='bbox 475 1900 554 1948; x_wconf 81' lang='lat' dir='ltr'><strong>dicam</strong></span> <span class='ocrx_word' id='word_1_87' title='bbox 567 1900 646 1949; x_wconf 82' lang='lat' dir='ltr'><strong>faeere</strong></span> <span class='ocrx_word' id='word_1_88' title='bbox 658 1902 684 1949; x_wconf 88' lang='lat' dir='ltr'><strong>in</strong></span> <span class='ocrx_word' id='word_1_89' title='bbox 695 1902 794 1966; x_wconf 76' lang='lat' dir='ltr'><strong>regione</strong></span> 
     </span>
     <span class='ocr_line' id='line_1_17' title="bbox 152 1972 486 2031; baseline 0 -6"><span class='ocrx_word' id='word_1_90' title='bbox 152 1972 194 2031; x_wconf 54' lang='lat' dir='ltr'><strong>(a</strong></span> <span class='ocrx_word' id='word_1_91' title='bbox 209 1974 217 1985; x_wconf 77' lang='grc'><em>”</em></span> <span class='ocrx_word' id='word_1_92' title='bbox 257 1980 263 2019; x_wconf 71' lang='lat' dir='ltr'><strong>i</strong></span> <span class='ocrx_word' id='word_1_93' title='bbox 364 1979 486 2028; x_wconf 78' lang='lat' dir='ltr'><strong>Pedana?</strong></span> 
     </span>
    </p>

    <p class='ocr_par' dir='ltr' id='par_1_5' title="bbox 144 2056 829 2444">
     <span class='ocr_line' id='line_1_18' title="bbox 144 2056 792 2125; baseline 0.003 -18"><span class='ocrx_word' id='word_1_94' title='bbox 144 2056 256 2107; x_wconf 78' lang='lat' dir='ltr'>Scribere</span> <span class='ocrx_word' id='word_1_95' title='bbox 266 2059 332 2123; x_wconf 89' lang='lat' dir='ltr'><strong>quod</strong></span> <span class='ocrx_word' id='word_1_96' title='bbox 343 2057 414 2108; x_wconf 86' lang='lat' dir='ltr'><strong>Cassi</strong></span> <span class='ocrx_word' id='word_1_97' title='bbox 425 2060 566 2109; x_wconf 78' lang='lat' dir='ltr'><strong>Parmensis</strong></span> <span class='ocrx_word' id='word_1_98' title='bbox 576 2061 693 2125; x_wconf 83' lang='lat' dir='ltr'><strong>opuscula</strong></span> <span class='ocrx_word' id='word_1_99' title='bbox 702 2062 792 2115; x_wconf 86' lang='lat' dir='ltr'><strong>vineat.</strong></span> 
     </span>
     <span class='ocr_line' id='line_1_19' title="bbox 144 2137 694 2204; baseline 0.005 -19"><span class='ocrx_word' id='word_1_100' title='bbox 144 2137 188 2185; x_wconf 83' lang='lat' dir='ltr'><strong>An</strong></span> <span class='ocrx_word' id='word_1_101' title='bbox 198 2140 300 2187; x_wconf 78' lang='lat' dir='ltr'><strong>tacitum</strong></span> <span class='ocrx_word' id='word_1_102' title='bbox 312 2139 386 2187; x_wconf 83' lang='lat' dir='ltr'><strong>silvas</strong></span> <span class='ocrx_word' id='word_1_103' title='bbox 394 2141 457 2188; x_wconf 86' lang='lat' dir='ltr'><strong>inter</strong></span> <span class='ocrx_word' id='word_1_104' title='bbox 466 2147 564 2204; x_wconf 86' lang='lat' dir='ltr'><strong>reptare</strong></span> <span class='ocrx_word' id='word_1_105' title='bbox 575 2141 694 2202; x_wconf 84' lang='lat' dir='ltr'><strong>salubres,</strong></span> 
     </span>
     <span class='ocr_line' id='line_1_20' title="bbox 145 2215 829 2284; baseline 0.001 -18"><span class='ocrx_word' id='word_1_106' title='bbox 145 2215 279 2267; x_wconf 78' lang='lat' dir='ltr'><strong>curantem</strong></span> <span class='ocrx_word' id='word_1_107' title='bbox 291 2219 408 2283; x_wconf 84' lang='lat' dir='ltr'><strong>quiequid</strong></span> <span class='ocrx_word' id='word_1_108' title='bbox 418 2219 520 2284; x_wconf 83' lang='lat' dir='ltr'><strong>dignum</strong></span> <span class='ocrx_word' id='word_1_109' title='bbox 531 2222 640 2284; x_wconf 84' lang='lat' dir='ltr'><strong>sapiente</strong></span> <span class='ocrx_word' id='word_1_110' title='bbox 652 2221 762 2284; x_wconf 83' lang='lat' dir='ltr'><strong>bonoque</strong></span> <span class='ocrx_word' id='word_1_111' title='bbox 771 2219 829 2270; x_wconf 79' lang='lat' dir='ltr'><strong>eat?</strong></span> 
     </span>
     <span class='ocr_line' id='line_1_21' title="bbox 146 2296 819 2363; baseline 0.006 -18"><span class='ocrx_word' id='word_1_112' title='bbox 146 2296 203 2346; x_wconf 83' lang='lat' dir='ltr'><strong>Non</strong></span> <span class='ocrx_word' id='word_1_113' title='bbox 213 2305 242 2346; x_wconf 90' lang='lat' dir='ltr'><strong>tn</strong></span> <span class='ocrx_word' id='word_1_114' title='bbox 250 2314 340 2362; x_wconf 88' lang='lat' dir='ltr'><strong>eorpus</strong></span> <span class='ocrx_word' id='word_1_115' title='bbox 351 2314 407 2348; x_wconf 87' lang='lat' dir='ltr'><strong>eras</strong></span> <span class='ocrx_word' id='word_1_116' title='bbox 418 2300 470 2348; x_wconf 89' lang='lat' dir='ltr'><strong>sina</strong></span> <span class='ocrx_word' id='word_1_117' title='bbox 482 2308 596 2363; x_wconf 65' lang='lat' dir='ltr'><strong>penteres</strong></span> <span class='ocrx_word' id='word_1_118' title='bbox 613 2301 639 2348; x_wconf 89' lang='lat' dir='ltr'><strong>di</strong></span> <span class='ocrx_word' id='word_1_119' title='bbox 650 2300 695 2350; x_wconf 87' lang='lat' dir='ltr'><strong>tibi</strong></span> <span class='ocrx_word' id='word_1_120' title='bbox 705 2301 819 2357; x_wconf 80' lang='lat' dir='ltr'><strong>formam,</strong></span> 
     </span>
     <span class='ocr_line' id='line_1_22' title="bbox 145 2377 728 2444; baseline 0.007 -19"><span class='ocrx_word' id='word_1_121' title='bbox 145 2377 181 2426; x_wconf 92' lang='lat' dir='ltr'><strong>Di</strong></span> <span class='ocrx_word' id='word_1_122' title='bbox 190 2378 236 2427; x_wconf 88' lang='lat' dir='ltr'><strong>tibi</strong></span> <span class='ocrx_word' id='word_1_123' title='bbox 246 2378 346 2427; x_wconf 84' lang='lat' dir='ltr'><strong>divitias</strong></span> <span class='ocrx_word' id='word_1_124' title='bbox 356 2379 476 2428; x_wconf 87' lang='lat' dir='ltr'><strong>dederunt</strong></span> <span class='ocrx_word' id='word_1_125' title='bbox 487 2388 614 2444; x_wconf 80' lang='lat' dir='ltr'><strong>artemque</strong></span> <span class='ocrx_word' id='word_1_126' title='bbox 625 2381 728 2430; x_wconf 81' lang='lat' dir='ltr'><strong>fruendi.</strong></span> 
     </span>
    </p>

    <p class='ocr_par' dir='ltr' id='par_1_6' title="bbox 146 2456 724 2522">
     <span class='ocr_line' id='line_1_23' title="bbox 146 2456 724 2522; baseline 0.005 -17"><span class='ocrx_word' id='word_1_127' title='bbox 146 2456 213 2516; x_wconf 85' lang='lat' dir='ltr'><strong>Quid</strong></span> <span class='ocrx_word' id='word_1_128' title='bbox 223 2467 309 2508; x_wconf 81' lang='lat' dir='ltr'><strong>voveat</strong></span> <span class='ocrx_word' id='word_1_129' title='bbox 319 2459 384 2508; x_wconf 84' lang='lat' dir='ltr'><strong>dulei</strong></span> <span class='ocrx_word' id='word_1_130' title='bbox 394 2461 517 2508; x_wconf 81' lang='lat' dir='ltr'><strong>nutricula</strong></span> <span class='ocrx_word' id='word_1_131' title='bbox 527 2462 607 2508; x_wconf 83' lang='lat' dir='ltr'><strong>maius</strong></span> <span class='ocrx_word' id='word_1_132' title='bbox 618 2459 724 2522; x_wconf 87' lang='lat' dir='ltr'><strong>alumno,</strong></span> 
     </span>
    </p>

    <p class='ocr_par' dir='ltr' id='par_1_7' title="bbox 146 2536 741 2683">
     <span class='ocr_line' id='line_1_24' title="bbox 146 2536 741 2603; baseline 0.008 -19"><span class='ocrx_word' id='word_1_133' title='bbox 146 2536 196 2596; x_wconf 81' lang='lat' dir='ltr'><strong>Qui</strong></span> <span class='ocrx_word' id='word_1_134' title='bbox 207 2552 291 2602; x_wconf 87' lang='lat' dir='ltr'><strong>sapere</strong></span> <span class='ocrx_word' id='word_1_135' title='bbox 301 2546 327 2587; x_wconf 90' lang='lat' dir='ltr'><strong>at</strong></span> <span class='ocrx_word' id='word_1_136' title='bbox 338 2539 386 2587; x_wconf 80' lang='lat' dir='ltr'><strong>fari</strong></span> <span class='ocrx_word' id='word_1_137' title='bbox 396 2541 474 2603; x_wconf 86' lang='lat' dir='ltr'><strong>possit</strong></span> <span class='ocrx_word' id='word_1_138' title='bbox 484 2555 546 2602; x_wconf 84' lang='lat' dir='ltr'><strong>quaa</strong></span> <span class='ocrx_word' id='word_1_139' title='bbox 558 2541 655 2600; x_wconf 86' lang='lat' dir='ltr'><strong>sentiat,</strong></span> <span class='ocrx_word' id='word_1_140' title='bbox 665 2549 691 2588; x_wconf 85' lang='lat' dir='ltr'><strong>et</strong></span> <span class='ocrx_word' id='word_1_141' title='bbox 700 2541 741 2589; x_wconf 85' lang='lat' dir='ltr'><strong>eui</strong></span> 
     </span>
     <span class='ocr_line' id='line_1_25' title="bbox 146 2615 706 2683; baseline 0.004 -18"><span class='ocrx_word' id='word_1_142' title='bbox 146 2615 244 2678; x_wconf 83' lang='lat' dir='ltr'><strong>Gratia,</strong></span> <span class='ocrx_word' id='word_1_143' title='bbox 254 2617 329 2679; x_wconf 81' lang='lat' dir='ltr'><strong>fama,</strong></span> <span class='ocrx_word' id='word_1_144' title='bbox 339 2617 453 2667; x_wconf 78' lang='lat' dir='ltr'><strong>valetudo</strong></span> <span class='ocrx_word' id='word_1_145' title='bbox 463 2621 590 2683; x_wconf 76' lang='lat' dir='ltr'><strong>contingat</strong></span> <span class='ocrx_word' id='word_1_146' title='bbox 600 2618 706 2679; x_wconf 83' lang='lat' dir='ltr'><strong>abunda,</strong></span> 
     </span>
    </p>

    <p class='ocr_par' dir='ltr' id='par_1_8' title="bbox 145 2695 809 2840">
     <span class='ocr_line' id='line_1_26' title="bbox 145 2695 809 2758; baseline -0.002 -15"><span class='ocrx_word' id='word_1_147' title='bbox 145 2695 181 2744; x_wconf 78' lang='lat' dir='ltr'><strong>Et</strong></span> <span class='ocrx_word' id='word_1_148' title='bbox 190 2697 295 2745; x_wconf 84' lang='lat' dir='ltr'><strong>mundus</strong></span> <span class='ocrx_word' id='word_1_149' title='bbox 306 2697 394 2758; x_wconf 87' lang='lat' dir='ltr'><strong>victus,</strong></span> <span class='ocrx_word' id='word_1_150' title='bbox 404 2713 453 2746; x_wconf 94' lang='lat' dir='ltr'><strong>non</strong></span> <span class='ocrx_word' id='word_1_151' title='bbox 465 2698 590 2746; x_wconf 78' lang='lat' dir='ltr'><strong>deficiente</strong></span> <span class='ocrx_word' id='word_1_152' title='bbox 601 2698 737 2746; x_wconf 78' lang='lat' dir='ltr'><strong>aruinam?</strong></span> <span class='ocrx_word' id='word_1_153' title='bbox 807 2737 809 2742; x_wconf 93' lang='lat'><em>.</em></span> 
     </span>
     <span class='ocr_line' id='line_1_27' title="bbox 146 2773 726 2840; baseline 0.007 -18"><span class='ocrx_word' id='word_1_154' title='bbox 146 2773 216 2823; x_wconf 89' lang='lat' dir='ltr'><strong>Inter</strong></span> <span class='ocrx_word' id='word_1_155' title='bbox 226 2791 294 2840; x_wconf 84' lang='lat' dir='ltr'><strong>spem</strong></span> <span class='ocrx_word' id='word_1_156' title='bbox 304 2791 445 2839; x_wconf 85' lang='lat' dir='ltr'><strong>auramque,</strong></span> <span class='ocrx_word' id='word_1_157' title='bbox 457 2777 556 2826; x_wconf 81' lang='lat' dir='ltr'><strong>timores</strong></span> <span class='ocrx_word' id='word_1_158' title='bbox 567 2777 632 2824; x_wconf 89' lang='lat' dir='ltr'><strong>inter</strong></span> <span class='ocrx_word' id='word_1_159' title='bbox 640 2783 665 2826; x_wconf 86' lang='lat' dir='ltr'><strong>at</strong></span> <span class='ocrx_word' id='word_1_160' title='bbox 676 2777 726 2826; x_wconf 83' lang='lat' dir='ltr'><strong>iras</strong></span> 
     </span>
    </p>
   </div>
   <div class='ocr_carea' id='block_1_5' title="bbox 0 0 1073 3540">
    <p class='ocr_par' dir='ltr' id='par_1_9' title="bbox 0 0 1073 3540">
     <span class='ocr_line' id='line_1_28' title="bbox 0 0 1073 3540; baseline 0 0"><span class='ocrx_word' id='word_1_161' title='bbox 0 0 1073 3540; x_wconf 95' lang='lat' dir='ltr'><strong> </strong></span> 
     </span>
    </p>
   </div>
  </div>
 </body>
</html>
