2098 3546
148 351 151 357 Ι
233 385 280 439 316
376 379 607 424 ANrHoaooM
626 383 770 428 LATINA.

233 471 289 530 Qua
301 477 393 521 stantes
404 473 499 536 ardent,
510 475 553 537 qui
564 475 614 522 fixo
624 483 721 540 pectore
731 476 837 540 fumant,

237 548 270 596 Et
281 547 356 596 latum
368 550 448 598 media
458 551 552 599 sulcum
564 551 664 601 deducit
676 554 796 603 harena.'’

234 626 284 685 Qui
295 627 362 677 dedit
372 645 431 694 ergo
441 631 521 680 tribus
532 633 627 696 patruis
638 635 743 695 aconita,
755 633 857 682 vehatur

233 706 373 757 Pensilibus
385 709 475 772 plumis
487 719 562 774 atque
572 711 640 761 illinc
651 713 770 777 despiciat
779 729 824 762 noe
834 713 881 762 l-

233 786 314 836 ‘Cum
326 790 405 837 veniet
416 799 511 851 contra,
522 791 600 856 digito
610 809 735 856 compesce
746 792 880 843 labellum

233 869 371 917 Accusator
380 870 428 918 erit
438 872 481 932 qui
492 872 593 919 verbum
605 872 709 922 dixeritr
727 873 785 922 ‘hic
795 873 851 922 est.'

234 949 339 996 Securus
350 949 407 998 licet
418 951 520 998 Aenean
533 949 700 1014 Rutulumque
711 952 817 1001 ferocem

234 1027 388 1091 committas,
397 1029 458 1078 nulli
469 1032 552 1094 gravis
562 1039 600 1079 est
609 1047 739 1096 percussus
751 1031 872 1093 Achillea,

233 1107 288 1156 Aut
299 1109 402 1158 multum
412 1112 538 1174 quaesitus
549 1110 630 1176 Hylas
640 1127 777 1175 urnamque
788 1120 903 1160 secutus:

233 1188 299 1238 Ense
309 1189 376 1238 velut
386 1192 471 1240 stricto
482 1193 578 1253 quoties
588 1190 698 1241 Lucilius
709 1192 798 1241 ardeus

233 1268 373 1331 Intremuit,
384 1271 456 1318 rubet
466 1271 572 1330 auditor,
582 1272 621 1319 oui
632 1271 723 1337 frigida
733 1287 802 1320 meus
811 1279 850 1320 est

233 1347 391 1411 Criminibus,
401 1351 476 1398 tacita
487 1350 576 1398 sudant
586 1351 729 1414 praecordia
738 1350 818 1416 culpa.

233 1427 295 1476 Inde
306 1430 358 1477 irae
368 1436 394 1477 et
402 1429 524 1479 lacrimae.
559 1430 652 1479 Tecum
662 1432 732 1495 prius
741 1446 801 1496 ergo
810 1429 896 1479 voluta

235 1507 304 1556 Haec
314 1509 395 1557 animo
406 1516 463 1556 aute
475 1510 562 1560 tubae:
582 1511 706 1575 galeatum
719 1526 773 1560 sero
782 1509 858 1560 duelli

233 1587 525 1652 Poenitet'-Farperiar‚
536 1590 596 1653 quid
607 1590 755 1640 concedatur
766 1592 792 1639 in
802 1590 867 1652 illos,

236 1665 347 1726 Quorum
357 1667 480 1717 Flaminia
490 1671 583 1734 tegitur
593 1670 655 1719 cinis
667 1677 740 1734 atquo
751 1669 849 1720 Latina.

629 1755 679 1801 Sat.
691 1753 707 1800 i.
740 1769 763 1802 v.
777 1755 892 1803 147-171.

500 1920 625 1956 CCXLVIII.

496 2007 639 2059 Domitian.

239 2123 266 2191 ,ἔ
278 2121 350 2209 {fij
357 2137 526 2200 URGITUR,
536 2145 562 2188 et
571 2141 647 2189 misso
660 2155 773 2205 proceres
783 2141 852 2191 exire
862 2143 899 2192 iu·

238 2196 348 2301 ΨἉζζξ
440 2220 528 2268 bentur

237 2302 238 2305 ’
254 2303 303 2339 „c
317 2300 340 2343 ἕε
374 2297 491 2362 consiliu,
502 2316 564 2364 quos
574 2301 700 2350 Albanam
710 2302 762 2351 dux
772 2317 879 2366 maguus
888 2304 916 2354 in

328 2393 409 2428 arcem

234 2455 358 2507 Traxerat
368 2461 486 2509 attonitos
497 2467 523 2509 et
533 2459 650 2510 festinare
661 2468 766 2520 coactos,

234 2537 370 2602 Tamquam
382 2540 412 2589 de
422 2539 504 2590 Cattis
515 2541 609 2604 aliquid
616 2543 741 2606 torvisque
750 2542 894 2607 Sycambria

233 2618 362 2682 Dicturus,
372 2627 497 2683 tamquam
508 2629 534 2670 et
543 2621 646 2672 diversis
656 2623 769 2680 partibus
778 2622 845 2674 orbis

233 2698 320 2748 Anxia
329 2702 459 2765 praecipiti
468 2704 574 2752 venisset
583 2701 687 2767 epistula
695 2704 785 2767 pinna.'

264 2777 350 2842 Atque
359 2781 453 2828 utinam
463 2782 502 2832 hia
512 2782 594 2846 potius
603 2783 676 2847 nugis
687 2789 740 2837 tota
751 2782 792 2832 illa
802 2781 910 2838 dedisset
