2054 3546
368 393 598 437 ANn'HonoslA
624 393 763 436 LATINA.

487 577 515 628 L
543 576 649 627 ATTII.

249 982 330 1049 25³2
365 981 536 1030 Fremebunda
556 997 588 1030 ex
607 981 657 1030 alto
676 981 770 1046 ingenti
788 982 871 1030 sonitu
888 987 915 1029 et

247 1046 270 1073 ³
296 1042 316 1062 *⁹
384 1051 385 1055 ’
444 1061 539 1124 spiritu.

226 1139 290 1188 Prae
300 1155 326 1188 se
336 1139 414 1188 undas
425 1140 509 1196 volvit,
519 1141 621 1188 vortices
632 1139 656 1187 vi
667 1141 779 1189 suscitat:

226 1219 287 1266 Ruit
297 1219 420 1283 prolapsa,
430 1219 532 1284 pelagus
542 1219 673 1282 respargit,
683 1217 761 1266 reflat.

226 1300 265 1347 Ita
275 1299 333 1348 dum
343 1301 508 1362 interruptum
519 1299 604 1346 credes
614 1298 723 1346 nimbum
734 1297 833 1358 volvier,

226 1380 293 1427 Dum
304 1379 369 1442 quod
380 1379 482 1427 sublime
493 1379 572 1426 ventis
583 1377 712 1440 expulsum
721 1377 776 1441 rapi

227 1457 319 1506 Saum
329 1465 372 1506 aut
386 1457 497 1521 procellis
511 1457 549 1504 vel
561 1456 673 1521 globosos
683 1455 792 1504 turbines

225 1539 351 1586 Exsistere
362 1537 423 1585 ictos
434 1536 506 1584 undis
517 1535 730 1584 concursantibus:

226 1617 280 1664 Nisi
290 1631 351 1679 quas
362 1617 486 1664 terrestris
497 1622 587 1678 pontus
599 1621 693 1680 strages
701 1616 802 1675 conciet,

225 1699 279 1744 Aut
288 1697 352 1744 forte
363 1694 451 1744 Triton
462 1695 557 1743 fuscina
567 1702 680 1743 evertens
692 1709 778 1758 specus

226 1775 315 1824 Subter
326 1774 420 1823 radices
430 1775 528 1838 penitus
540 1775 643 1823 undanti
653 1776 678 1822 in
690 1775 753 1822 freto

224 1854 314 1900 Molem
324 1870 356 1902 ex
365 1853 486 1918 profundo
498 1869 597 1902 saxeum
608 1853 639 1902 ad
649 1854 743 1902 caelum
754 1854 834 1917 erigit.

540 2007 586 2043 XX.

324 2109 424 2180 Speeclt
438 2111 474 2179 of
487 2110 646 2182 Tarquinius
661 2109 802 2182 Superbum.

258 2285 309 2367 »gasin
329 2352 342 2373 ς,
363 2303 427 2352 Dedi
437 2317 523 2367 sopore
533 2302 633 2366 placens
643 2309 711 2350 artus
722 2299 860 2363 languidos,

234 2362 262 2425 .ss
277 2365 320 2413 ‘-
333 2374 334 2377 ¹
362 2383 452 2432 Visum
463 2382 537 2430 estin
548 2382 638 2429 somnis
648 2387 769 2444 pastorem
779 2377 810 2426 ad
821 2393 861 2426 me
871 2391 910 2442 ap·

316 2461 406 2525 pellere

223 2539 303 2589 Pecus
313 2540 449 2604 lanigerum
460 2539 551 2588 eximie
560 2538 737 2603 pulcritudine:

224 2619 295 2668 Duos
306 2621 498 2683 consanguineos
509 2620 597 2666 arietes
608 2617 664 2665 inde
674 2616 732 2679 eligi

222 2698 461 2762 Praeclarioremque
474 2697 579 2746 alterum
589 2696 716 2746 immolare
726 2710 779 2745 mes

225 2772 321 2822 Deinde
333 2776 385 2823 eius
396 2789 538 2838 germanum
549 2773 663 2821 cornibus
673 2771 775 2820 conitier
