2070 3542
362 361 563 412 rubemus.
769 355 813 437 1¹7

119 445 222 522 Quique
234 459 271 522 pu
281 463 351 506 vates
361 467 386 508 et
397 458 496 509 Phoebo
507 460 584 526 digna
594 460 678 522 locun,

118 538 240 586 Inventas
251 545 295 586 aut
305 539 349 601 qui
356 539 433 587 vitam
444 539 574 588 excoluere
584 555 629 604 per
640 540 710 600 ertit,

119 617 221 680 Quique
231 617 270 665 sui
280 632 399 666 memores
410 618 471 667 elios
482 619 561 667 feeere
570 618 703 682 merendo3

118 696 242 745 Omnibus
251 695 292 744 his
303 697 376 745 niven
386 698 521 762 cinguntur
530 705 642 762 tempore
652 699 723 747 vitta.

631 794 654 827 v.
667 778 783 829 tut-eet.

451 928 516 966 xon.

365 1036 461 1088 Anima
473 1035 577 1088 Mundi.

173 1224 241 1329 ἓξ
316 1257 434 1320 liquentis

131 1366 154 1398 t:
163 1324 243 1401 :⁶553
268 1337 451 1400 Lucentemque
458 1335 559 1401 globum
569 1336 655 1385 Lunae
667 1335 816 1402 Titaniaque

119 1495 226 1560 Spiritus
237 1497 304 1544 intus
314 1495 367 1554 ulit,
377 1502 503 1560 totumque
513 1495 596 1544 infuse
607 1509 652 1558 per
663 1502 733 1545 eruis

118 1574 191 1623 Mens
202 1575 284 1638 agitet
293 1575 383 1623 molem
393 1583 418 1624 et
428 1590 520 1640 magno
532 1590 558 1623 se
568 1591 670 1640 corpere
680 1576 773 1625 miscet.

117 1654 179 1704 Inde
194 1654 323 1703 hominum
338 1654 507 1720 pecudumque
523 1671 601 1720 genus
617 1657 731 1720 vitaeque
747 1671 789 1705 vo·

213 1735 310 1784 lantum

107 1814 150 1863 'Et
160 1829 225 1878 quae
236 1829 374 1863 marmoreo
386 1814 434 1864 fert
444 1822 555 1864 monstra
565 1815 612 1864 sub
622 1830 728 1880 aequore
739 1831 797 1880 pon·

214 1901 264 1944 tus.

118 1973 210 2037 igneus
221 1981 260 2022 est
271 1973 327 2020 ollis
338 1974 408 2036 vigor
419 1979 444 2022 et
455 1973 567 2024 caelestis
578 1975 649 2040 origo

118 2052 267 2110 Seminibus,
278 2060 399 2116 quantum
409 2068 459 2102 non
469 2054 546 2102 noxia
557 2068 661 2118 corpore
672 2053 771 2102 tundunt

118 2132 271 2196 Terrenique
282 2132 400 2180 hebetant
411 2139 480 2181 artus
489 2132 684 2196 moribundaque
692 2133 810 2182 membre.

118 2213 183 2262 Hine
193 2219 308 2262 metuunt
318 2214 477 2278 cupiuntque,
489 2211 573 2262 dolent
582 2213 748 2280 gaudentque,
760 2229 800 2260 ne-

212 2309 262 2357 que
274 2308 348 2342 auras

118 2373 260 2438 Dispiciunt
268 2373 366 2422 eleusue
377 2373 484 2424 tenebris
494 2379 520 2424 et
530 2388 628 2424 eernere
638 2389 717 2422 caeno.

118 2451 185 2511 Quin
195 2460 221 2502 et
233 2468 348 2517 supremo
358 2469 413 2502 eum
423 2453 516 2502 lumine
527 2455 580 2505 vite
590 2453 700 2514 reliquit,

118 2531 174 2580 'Non
181 2539 266 2581 temen
273 2547 344 2580 omne
350 2533 442 2583 malum
452 2533 548 2582 miseris
558 2547 603 2580 nee
610 2532 722 2580 funditus
729 2546 812 2580 omnes

118 2612 257 2677 Corporeue
268 2612 390 2660 excedunt
400 2619 490 2676 penten,
499 2613 647 2676 penitusque
658 2626 755 2659 necesse
766 2619 803 2660 est

118 2693 201 2742 Multa
211 2693 254 2742 diu
264 2698 379 2741 eonnretu
390 2691 468 2741 modis
480 2692 613 2740 inolescere
623 2691 700 2740 miris.

119 2773 186 2840 Ergo
195 2777 344 2823 exereentur
354 2773 448 2836 poenis,
458 2779 616 2834 veterumque
627 2769 747 2818 melorum
