2070 3542
254 385 284 429 co
397 374 627 418 rurnotocu
651 374 794 419 armus.

251 467 398 520 Infandum!
415 469 504 517 sistunt
515 483 606 529 amnes,
617 473 746 531 terraeque
757 467 896 530 debiscunt,

252 551 286 600 lit
309 555 429 598 maestum
454 548 592 598 inlacrimat
615 547 713 612 templis
737 547 808 609 ebur,
831 563 943 614 aeraque

347 628 443 677 sudant.

251 708 348 758 Proluit
359 709 444 756 insano
455 713 618 772 contorquens
628 707 720 756 vertice
730 705 804 755 silvae

251 788 394 837 Fluviorum
404 802 450 835 rex
460 787 592 844 Eridanus,
603 801 749 850 camposque
758 801 804 850 per
814 785 895 835 omnis

251 867 315 917 eun
326 866 428 915 stabulis
439 873 549 914 armenta
560 866 624 916 tulit
658 866 711 914 Nec
721 873 831 930 tempore
841 865 930 915 eodem
1000 913 1004 924 Δ

252 943 376 993 'hiatibus
387 949 431 992 aut
440 945 504 992 extis
515 943 592 991 librae
602 943 719 1007 adparere
729 944 844 1003 minaces,

252 1023 306 1072 Aut
317 1024 396 1088 puteis
406 1038 506 1071 manare
516 1038 589 1072 cruor
598 1024 710 1085 cessarit,
720 1029 745 1072 et
755 1023 819 1072 ultae

251 1103 301 1152 Per
310 1109 407 1152 noctem
416 1118 531 1151 resonare
541 1103 605 1166 lupis
614 1103 766 1152 ululantibus
775 1101 857 1152 urbes.

252 1181 310 1231 Non
320 1182 381 1231 olias
391 1181 457 1230 caelo
467 1182 608 1230 ceciderunt
618 1182 690 1246 plura
699 1197 785 1231 sereno

251 1262 370 1328 Fulgura,
381 1277 426 1311 nec
437 1262 483 1310 diri
494 1263 583 1311 totiens
594 1277 676 1310 arsere
686 1269 803 1311 cometae.

251 1341 319 1407 Ergo
328 1343 394 1390 inter
402 1357 455 1391 sese
466 1342 566 1405 poribus
576 1357 719 1390 concurrere
731 1341 786 1390 telis
831 1357 837 1374 ·

251 1421 375 1470 Romanas
386 1423 450 1470 acies
462 1423 550 1471 iterum
561 1422 642 1470 videre
652 1421 774 1487 Philippi3

251 1499 304 1550 Nee
313 1501 361 1549 iuit
370 1501 499 1566 indIgnum
511 1502 614 1565 superis,
626 1501 663 1550 bis
673 1503 791 1566 sanguine
801 1507 886 1552 nostro

250 1579 391 1628 Emathiam
401 1587 426 1628 et
435 1580 498 1629 latos
510 1580 597 1628 Haemi
609 1582 767 1645 pinguescere
776 1595 883 1647 campos.

251 1659 348 1709 Scilicet
358 1667 384 1708 et
393 1668 489 1724 tempus
499 1663 589 1722 veniet,
599 1677 655 1709 cum
666 1661 755 1710 finibus
766 1661 815 1710 illie

250 1739 378 1804 Agricola,
389 1738 490 1788 incurvo
501 1747 592 1789 terram
603 1740 701 1790 molitus
713 1749 803 1804 aratro,

250 1817 333 1867 Exest
343 1820 450 1866 inveniet
460 1819 544 1868 scabra
555 1820 666 1884 robigine
677 1820 735 1884 pila,

249 1898 305 1948 Aut
316 1899 432 1964 grovibus
442 1900 529 1947 rastris
540 1899 622 1964 galeas
632 1899 739 1964 pulsabit
749 1899 837 1961 mania,

250 1977 409 2044 Grandiaque
420 1979 512 2028 effossis
524 1980 654 2028 mirabitur
663 1995 719 2029 ossa
729 1980 872 2045 sepulchris.

249 2059 284 2108 Di
294 2061 378 2123 patrii,
389 2059 523 2123 Indigetes,
534 2067 559 2108 et
570 2058 673 2108 Romule
684 2059 810 2123 Vestaque
820 2067 906 2118 mater,

249 2137 319 2197 Quae
330 2139 435 2188 Tuscum
448 2139 555 2187 Tiberim
567 2147 593 2187 et
603 2139 713 2188 Romana
723 2139 820 2188 Palatia
829 2155 911 2188 servas

248 2217 322 2266 Hunc
333 2217 417 2267 saltem
429 2233 513 2270 everso
524 2219 636 2266 iuvenem
647 2234 788 2268 succurrere
798 2219 877 2268 saeclo

247 2295 286 2345 Ne
297 2296 436 2360 prohibete!
471 2295 537 2347 Satis
546 2299 595 2346 iam
606 2299 699 2362 pridem
711 2299 830 2364 sanguine
840 2307 924 2349 nostro

245 2375 440 2425 laomedonteae
450 2378 541 2426 luimus
550 2379 659 2442 periuria
670 2377 769 2442 Troiae,
871 2394 876 2402 ¹

245 2456 403 2520 Iampridem
414 2457 483 2505 nobis
493 2456 554 2505 caeli
566 2465 589 2507 te
600 2459 677 2523 regia,
687 2455 787 2518 Caesar,

243 2536 350 2596 invidet,
356 2543 430 2600 atque
437 2536 561 2585 hominum
569 2539 682 2601 queritur
689 2553 775 2586 curare
781 2537 932 2604 triumphoa3

243 2615 340 2680 Quippe
357 2614 399 2662 ubi
414 2618 450 2664 ias
467 2631 563 2664 versum
574 2625 648 2681 atque
660 2616 743 2667 nefas:
760 2623 798 2666 toi
810 2617 876 2667 bella
888 2631 933 2682 per
1023 2609 1024 2612 Ἴ

352 2691 420 2740 rbem

241 2771 304 2820 Tam
315 2707 406 2822 mldtae
416 2728 534 2821 rlcelerum
545 2773 635 2838 fecies3
651 2789 701 2822 non
711 2772 775 2822 ullus
785 2781 871 2825 aratro
