<?xml version="1.0" encoding="UTF-8"?>
<!DOCTYPE html PUBLIC "-//W3C//DTD XHTML 1.0 Transitional//EN"
    "http://www.w3.org/TR/xhtml1/DTD/xhtml1-transitional.dtd">
<html xmlns="http://www.w3.org/1999/xhtml" xml:lang="en" lang="en">
 <head>
  <title>
</title>
<meta http-equiv="Content-Type" content="text/html;charset=utf-8" />
  <meta name='ocr-system' content='tesseract 3.04.00' />
  <meta name='ocr-capabilities' content='ocr_page ocr_carea ocr_par ocr_line ocrx_word'/>
</head>
<body>
  <div class='ocr_page' id='page_1' title='image "./anthologialatin01thacgoog_0126.png"; bbox 0 0 2070 3542; ppageno 0'>
   <div class='ocr_carea' id='block_1_1' title="bbox 222 383 760 446">
    <p class='ocr_par' dir='ltr' id='par_1_1' title="bbox 222 383 760 446">
     <span class='ocr_line' id='line_1_1' title="bbox 222 383 760 446; baseline 0.002 -16"><span class='ocrx_word' id='word_1_1' title='bbox 222 397 266 446; x_wconf 77' lang='lat' dir='ltr'><strong>t04</strong></span> <span class='ocrx_word' id='word_1_2' title='bbox 363 383 596 428; x_wconf 74' lang='lat' dir='ltr'><strong>ANuHououu</strong></span> <span class='ocrx_word' id='word_1_3' title='bbox 618 385 760 430; x_wconf 72' lang='lat' dir='ltr'><strong>mm.</strong></span> 
     </span>
    </p>
   </div>
   <div class='ocr_carea' id='block_1_2' title="bbox 503 591 620 628">
    <p class='ocr_par' dir='ltr' id='par_1_2' title="bbox 503 591 620 628">
     <span class='ocr_line' id='line_1_2' title="bbox 503 591 620 628; baseline 0.026 -3"><span class='ocrx_word' id='word_1_4' title='bbox 503 591 620 628; x_wconf 56' lang='lat' dir='ltr'>1111qu</span> 
     </span>
    </p>
   </div>
   <div class='ocr_carea' id='block_1_3' title="bbox 408 710 724 787">
    <p class='ocr_par' dir='ltr' id='par_1_3' title="bbox 408 710 724 787">
     <span class='ocr_line' id='line_1_3' title="bbox 408 710 724 787; baseline 0.003 -23"><span class='ocrx_word' id='word_1_5' title='bbox 408 710 464 764; x_wconf 76' lang='lat' dir='ltr'><strong>The</strong></span> <span class='ocrx_word' id='word_1_6' title='bbox 476 712 565 766; x_wconf 80' lang='lat' dir='ltr'><strong>Deatb</strong></span> <span class='ocrx_word' id='word_1_7' title='bbox 577 719 614 787; x_wconf 64' lang='grc' dir='ltr'><strong>ο]</strong></span> <span class='ocrx_word' id='word_1_8' title='bbox 622 716 724 771; x_wconf 59' lang='lat' dir='ltr'><strong>Parnm.</strong></span> 
     </span>
    </p>
   </div>
   <div class='ocr_carea' id='block_1_4' title="bbox 216 802 915 1209">
    <p class='ocr_par' dir='ltr' id='par_1_4' title="bbox 238 802 915 965">
     <span class='ocr_line' id='line_1_4' title="bbox 238 802 915 886; baseline -0.001 -17"><span class='ocrx_word' id='word_1_9' title='bbox 238 802 286 865; x_wconf 37' lang='grc' dir='ltr'><strong>ἶς’»</strong></span> <span class='ocrx_word' id='word_1_10' title='bbox 315 820 846 886; x_wconf 74' lang='lat' dir='ltr'><strong>IMENerstcaecaequefcresetparviu</strong></span> <span class='ocrx_word' id='word_1_11' title='bbox 854 835 915 869; x_wconf 87' lang='lat' dir='ltr'><strong>usus</strong></span> 
     </span>
     <span class='ocr_line' id='line_1_5' title="bbox 261 878 914 965; baseline -0.003 -14"><span class='ocrx_word' id='word_1_12' title='bbox 261 878 328 959; x_wconf 36' lang='lat'><strong>{³⁰3</strong></span> <span class='ocrx_word' id='word_1_13' title='bbox 355 901 488 950; x_wconf 77' lang='lat' dir='ltr'><strong>&#39;Paetorum</strong></span> <span class='ocrx_word' id='word_1_14' title='bbox 514 902 580 951; x_wconf 86' lang='lat' dir='ltr'><strong>inter</strong></span> <span class='ocrx_word' id='word_1_15' title='bbox 603 917 629 950; x_wconf 84' lang='lat' dir='ltr'><strong>ss</strong></span> <span class='ocrx_word' id='word_1_16' title='bbox 655 901 758 962; x_wconf 87' lang='lat' dir='ltr'><strong>Priami,</strong></span> <span class='ocrx_word' id='word_1_17' title='bbox 782 908 914 965; x_wconf 81' lang='lat' dir='ltr'><strong>postesque</strong></span> 
     </span>
    </p>

    <p class='ocr_par' dir='ltr' id='par_1_5' title="bbox 226 974 504 1032">
     <span class='ocr_line' id='line_1_6' title="bbox 226 974 504 1032; baseline 0.011 -3"><span class='ocrx_word' id='word_1_18' title='bbox 226 1008 277 1029; x_wconf 59' lang='lat' dir='ltr'><strong>«aux.</strong></span> <span class='ocrx_word' id='word_1_19' title='bbox 291 974 329 1027; x_wconf 53' lang='lat' dir='ltr'><strong>All</strong></span> <span class='ocrx_word' id='word_1_20' title='bbox 422 981 504 1032; x_wconf 68' lang='lat' dir='ltr'><strong>rellebl</strong></span> 
     </span>
    </p>

    <p class='ocr_par' dir='ltr' id='par_1_6' title="bbox 216 1060 849 1129">
     <span class='ocr_line' id='line_1_7' title="bbox 216 1060 849 1129; baseline -0.003 -17"><span class='ocrx_word' id='word_1_21' title='bbox 216 1063 241 1111; x_wconf 87' lang='grc' dir='ltr'>Α</span> <span class='ocrx_word' id='word_1_22' title='bbox 253 1071 332 1129; x_wconf 82' lang='lat' dir='ltr'><strong>tergo,</strong></span> <span class='ocrx_word' id='word_1_23' title='bbox 343 1061 431 1111; x_wconf 85' lang='lat' dir='ltr'><strong>infelix</strong></span> <span class='ocrx_word' id='word_1_24' title='bbox 441 1077 491 1126; x_wconf 86' lang='lat' dir='ltr'><strong>qua</strong></span> <span class='ocrx_word' id='word_1_25' title='bbox 502 1077 538 1123; x_wconf 88' lang='lat' dir='ltr'><strong>se,</strong></span> <span class='ocrx_word' id='word_1_26' title='bbox 548 1061 609 1126; x_wconf 77' lang='lat' dir='ltr'><strong>dum</strong></span> <span class='ocrx_word' id='word_1_27' title='bbox 618 1077 696 1126; x_wconf 82' lang='lat' dir='ltr'><strong>regna</strong></span> <span class='ocrx_word' id='word_1_28' title='bbox 708 1060 849 1122; x_wconf 77' lang='lat' dir='ltr'><strong>manebant,</strong></span> 
     </span>
    </p>

    <p class='ocr_par' dir='ltr' id='par_1_7' title="bbox 217 1136 890 1209">
     <span class='ocr_line' id='line_1_8' title="bbox 217 1136 890 1209; baseline -0.009 -16"><span class='ocrx_word' id='word_1_29' title='bbox 217 1143 323 1209; x_wconf 81' lang='lat' dir='ltr'><strong>Saepius</strong></span> <span class='ocrx_word' id='word_1_30' title='bbox 333 1142 509 1192; x_wconf 75' lang='lat' dir='ltr'><strong>Andromache</strong></span> <span class='ocrx_word' id='word_1_31' title='bbox 520 1141 585 1190; x_wconf 79' lang='lat' dir='ltr'><strong>serre</strong></span> <span class='ocrx_word' id='word_1_32' title='bbox 596 1141 739 1189; x_wconf 86' lang='lat' dir='ltr'><strong>incomitata</strong></span> <span class='ocrx_word' id='word_1_33' title='bbox 750 1139 844 1189; x_wconf 77' lang='lat' dir='ltr'><strong>solebat</strong></span> <span class='ocrx_word' id='word_1_34' title='bbox 888 1136 890 1142; x_wconf 84' lang='lat'>&#39;</span> 
     </span>
    </p>
   </div>
   <div class='ocr_carea' id='block_1_5' title="bbox 214 1219 906 1766">
    <p class='ocr_par' dir='ltr' id='par_1_8' title="bbox 216 1219 887 1366">
     <span class='ocr_line' id='line_1_9' title="bbox 217 1219 887 1286; baseline 0.001 -17"><span class='ocrx_word' id='word_1_35' title='bbox 217 1221 259 1272; x_wconf 88' lang='lat' dir='ltr'><strong>Ad</strong></span> <span class='ocrx_word' id='word_1_36' title='bbox 270 1239 375 1284; x_wconf 82' lang='lat' dir='ltr'><strong>soceros,</strong></span> <span class='ocrx_word' id='word_1_37' title='bbox 386 1230 412 1271; x_wconf 86' lang='lat' dir='ltr'><strong>et</strong></span> <span class='ocrx_word' id='word_1_38' title='bbox 422 1238 468 1271; x_wconf 86' lang='lat' dir='ltr'><strong>avo</strong></span> <span class='ocrx_word' id='word_1_39' title='bbox 478 1236 582 1286; x_wconf 87' lang='lat' dir='ltr'><strong>puerum</strong></span> <span class='ocrx_word' id='word_1_40' title='bbox 595 1220 755 1284; x_wconf 71' lang='lat' dir='ltr'><strong>Astyanacta</strong></span> <span class='ocrx_word' id='word_1_41' title='bbox 765 1219 887 1270; x_wconf 85' lang='lat' dir='ltr'><strong>trahebat.</strong></span> 
     </span>
     <span class='ocr_line' id='line_1_10' title="bbox 216 1299 764 1366; baseline -0.007 -14"><span class='ocrx_word' id='word_1_42' title='bbox 216 1305 301 1354; x_wconf 79' lang='lat' dir='ltr'><strong>Evado</strong></span> <span class='ocrx_word' id='word_1_43' title='bbox 312 1303 344 1353; x_wconf 90' lang='lat' dir='ltr'><strong>ad</strong></span> <span class='ocrx_word' id='word_1_44' title='bbox 355 1304 444 1352; x_wconf 88' lang='lat' dir='ltr'><strong>summi</strong></span> <span class='ocrx_word' id='word_1_45' title='bbox 455 1302 554 1366; x_wconf 78' lang='lat' dir='ltr'><strong>fastigia</strong></span> <span class='ocrx_word' id='word_1_46' title='bbox 567 1300 688 1356; x_wconf 84' lang='lat' dir='ltr'><strong>culminis.</strong></span> <span class='ocrx_word' id='word_1_47' title='bbox 699 1299 764 1348; x_wconf 86' lang='lat' dir='ltr'><strong>unde</strong></span> 
     </span>
    </p>

    <p class='ocr_par' dir='ltr' id='par_1_9' title="bbox 216 1379 788 1434">
     <span class='ocr_line' id='line_1_11' title="bbox 216 1379 788 1434; baseline -0.007 -2"><span class='ocrx_word' id='word_1_48' title='bbox 216 1384 279 1434; x_wconf 85' lang='lat' dir='ltr'><strong>Tela</strong></span> <span class='ocrx_word' id='word_1_49' title='bbox 289 1399 364 1432; x_wconf 88' lang='lat' dir='ltr'><strong>manu</strong></span> <span class='ocrx_word' id='word_1_50' title='bbox 375 1384 459 1431; x_wconf 83' lang='lat' dir='ltr'><strong>miseri</strong></span> <span class='ocrx_word' id='word_1_51' title='bbox 470 1382 594 1430; x_wconf 86' lang='lat' dir='ltr'><strong>iactabant</strong></span> <span class='ocrx_word' id='word_1_52' title='bbox 604 1380 679 1428; x_wconf 85' lang='lat' dir='ltr'><strong>inrita</strong></span> <span class='ocrx_word' id='word_1_53' title='bbox 690 1379 788 1428; x_wconf 80' lang='lat' dir='ltr'><strong>Teucri.</strong></span> 
     </span>
    </p>

    <p class='ocr_par' dir='ltr' id='par_1_10' title="bbox 214 1450 906 1603">
     <span class='ocr_line' id='line_1_12' title="bbox 216 1450 906 1526; baseline -0.007 -15"><span class='ocrx_word' id='word_1_54' title='bbox 216 1463 317 1512; x_wconf 86' lang='lat' dir='ltr'><strong>Turrim</strong></span> <span class='ocrx_word' id='word_1_55' title='bbox 327 1464 353 1511; x_wconf 92' lang='lat' dir='ltr'><strong>in</strong></span> <span class='ocrx_word' id='word_1_56' title='bbox 362 1462 492 1526; x_wconf 81' lang='lat' dir='ltr'><strong>praecipiti</strong></span> <span class='ocrx_word' id='word_1_57' title='bbox 502 1467 607 1510; x_wconf 85' lang='lat' dir='ltr'><strong>stantem</strong></span> <span class='ocrx_word' id='word_1_58' title='bbox 618 1450 768 1523; x_wconf 81' lang='lat' dir='ltr'><strong>summisque</strong></span> <span class='ocrx_word' id='word_1_59' title='bbox 779 1459 825 1507; x_wconf 86' lang='lat' dir='ltr'><strong>sub</strong></span> <span class='ocrx_word' id='word_1_60' title='bbox 838 1465 906 1507; x_wconf 83' lang='lat' dir='ltr'><strong>astra</strong></span> 
     </span>
     <span class='ocr_line' id='line_1_13' title="bbox 214 1539 777 1603; baseline -0.009 -12"><span class='ocrx_word' id='word_1_61' title='bbox 214 1543 336 1593; x_wconf 81' lang='lat' dir='ltr'><strong>Eductam</strong></span> <span class='ocrx_word' id='word_1_62' title='bbox 347 1543 427 1603; x_wconf 84' lang='lat' dir='ltr'><strong>tectis,</strong></span> <span class='ocrx_word' id='word_1_63' title='bbox 436 1540 502 1590; x_wconf 83' lang='lat' dir='ltr'><strong>unde</strong></span> <span class='ocrx_word' id='word_1_64' title='bbox 512 1541 591 1588; x_wconf 88' lang='lat' dir='ltr'><strong>omnis</strong></span> <span class='ocrx_word' id='word_1_65' title='bbox 606 1540 689 1588; x_wconf 83' lang='lat' dir='ltr'><strong>Trois</strong></span> <span class='ocrx_word' id='word_1_66' title='bbox 699 1539 777 1587; x_wconf 83' lang='lat' dir='ltr'><strong>videri</strong></span> 
     </span>
    </p>

    <p class='ocr_par' dir='ltr' id='par_1_11' title="bbox 214 1619 824 1766">
     <span class='ocr_line' id='line_1_14' title="bbox 214 1619 824 1675; baseline -0.011 -4"><span class='ocrx_word' id='word_1_67' title='bbox 214 1622 248 1671; x_wconf 83' lang='lat' dir='ltr'><strong>Et</strong></span> <span class='ocrx_word' id='word_1_68' title='bbox 260 1624 374 1670; x_wconf 84' lang='lat' dir='ltr'><strong>Danaum</strong></span> <span class='ocrx_word' id='word_1_69' title='bbox 385 1621 471 1670; x_wconf 86' lang='lat' dir='ltr'><strong>solitae</strong></span> <span class='ocrx_word' id='word_1_70' title='bbox 484 1635 561 1669; x_wconf 86' lang='lat' dir='ltr'><strong>naves</strong></span> <span class='ocrx_word' id='word_1_71' title='bbox 573 1627 598 1668; x_wconf 84' lang='lat' dir='ltr'><strong>st</strong></span> <span class='ocrx_word' id='word_1_72' title='bbox 609 1619 722 1668; x_wconf 81' lang='lat' dir='ltr'><strong>Achaica</strong></span> <span class='ocrx_word' id='word_1_73' title='bbox 732 1623 824 1675; x_wconf 87' lang='lat' dir='ltr'><strong>castra,</strong></span> 
     </span>
     <span class='ocr_line' id='line_1_15' title="bbox 214 1688 817 1766; baseline -0.007 -16"><span class='ocrx_word' id='word_1_74' title='bbox 214 1702 337 1766; x_wconf 81' lang='lat' dir='ltr'><strong>Adgrcssi</strong></span> <span class='ocrx_word' id='word_1_75' title='bbox 346 1701 413 1749; x_wconf 81' lang='lat' dir='ltr'><strong>ferro</strong></span> <span class='ocrx_word' id='word_1_76' title='bbox 427 1701 529 1756; x_wconf 87' lang='lat' dir='ltr'><strong>circum,</strong></span> <span class='ocrx_word' id='word_1_77' title='bbox 541 1688 595 1763; x_wconf 71' lang='lat' dir='ltr'><strong>dua</strong></span> <span class='ocrx_word' id='word_1_78' title='bbox 606 1711 701 1748; x_wconf 80' lang='lat' dir='ltr'><strong>summa</strong></span> <span class='ocrx_word' id='word_1_79' title='bbox 711 1697 817 1747; x_wconf 80' lang='lat' dir='ltr'><strong>labantia</strong></span> 
     </span>
    </p>
   </div>
   <div class='ocr_carea' id='block_1_6' title="bbox 206 1775 911 2882">
    <p class='ocr_par' dir='ltr' id='par_1_12' title="bbox 212 1775 896 2162">
     <span class='ocr_line' id='line_1_16' title="bbox 213 1775 817 1835; baseline -0.008 -5"><span class='ocrx_word' id='word_1_80' title='bbox 213 1781 344 1830; x_wconf 88' lang='lat' dir='ltr'><strong>Iuncturas</strong></span> <span class='ocrx_word' id='word_1_81' title='bbox 355 1780 465 1828; x_wconf 86' lang='lat' dir='ltr'><strong>tabulata</strong></span> <span class='ocrx_word' id='word_1_82' title='bbox 475 1778 575 1835; x_wconf 86' lang='lat' dir='ltr'><strong>dabant,</strong></span> <span class='ocrx_word' id='word_1_83' title='bbox 592 1777 750 1826; x_wconf 80' lang='lat' dir='ltr'><strong>convellimus</strong></span> <span class='ocrx_word' id='word_1_84' title='bbox 760 1775 817 1825; x_wconf 84' lang='lat' dir='ltr'><strong>altis</strong></span> 
     </span>
     <span class='ocr_line' id='line_1_17' title="bbox 214 1857 892 1925; baseline -0.009 -15"><span class='ocrx_word' id='word_1_85' title='bbox 214 1860 328 1922; x_wconf 82' lang='lat' dir='ltr'><strong>Sedibus,</strong></span> <span class='ocrx_word' id='word_1_86' title='bbox 339 1860 523 1925; x_wconf 86' lang='lat' dir='ltr'><strong>inpulimusque</strong></span> <span class='ocrx_word' id='word_1_87' title='bbox 534 1879 541 1923; x_wconf 81' lang='lat'>3</span> <span class='ocrx_word' id='word_1_88' title='bbox 560 1874 590 1906; x_wconf 87' lang='lat' dir='ltr'><strong>ea</strong></span> <span class='ocrx_word' id='word_1_89' title='bbox 601 1858 671 1922; x_wconf 86' lang='lat' dir='ltr'><strong>lapsa</strong></span> <span class='ocrx_word' id='word_1_90' title='bbox 682 1863 783 1921; x_wconf 82' lang='lat' dir='ltr'><strong>repente</strong></span> <span class='ocrx_word' id='word_1_91' title='bbox 794 1857 892 1904; x_wconf 89' lang='lat' dir='ltr'><strong>ruinam</strong></span> 
     </span>
     <span class='ocr_line' id='line_1_18' title="bbox 213 1936 896 2001; baseline -0.007 -10"><span class='ocrx_word' id='word_1_92' title='bbox 213 1941 276 1991; x_wconf 85' lang='lat' dir='ltr'><strong>Cum</strong></span> <span class='ocrx_word' id='word_1_93' title='bbox 287 1942 368 1990; x_wconf 85' lang='lat' dir='ltr'><strong>sonitu</strong></span> <span class='ocrx_word' id='word_1_94' title='bbox 378 1940 456 1989; x_wconf 89' lang='lat' dir='ltr'><strong>trahit</strong></span> <span class='ocrx_word' id='word_1_95' title='bbox 466 1947 492 1988; x_wconf 90' lang='lat' dir='ltr'><strong>et</strong></span> <span class='ocrx_word' id='word_1_96' title='bbox 503 1940 617 1988; x_wconf 82' lang='lat' dir='ltr'><strong>Danaum</strong></span> <span class='ocrx_word' id='word_1_97' title='bbox 629 1952 704 2001; x_wconf 88' lang='lat' dir='ltr'><strong>snper</strong></span> <span class='ocrx_word' id='word_1_98' title='bbox 714 1937 813 2001; x_wconf 78' lang='lat' dir='ltr'><strong>agmina</strong></span> <span class='ocrx_word' id='word_1_99' title='bbox 831 1936 881 1986; x_wconf 84' lang='lat' dir='ltr'><strong>lats</strong></span> <span class='ocrx_word' id='word_1_100' title='bbox 895 1965 896 1968; x_wconf 63' lang='lat'><em>=</em></span> 
     </span>
     <span class='ocr_line' id='line_1_19' title="bbox 212 2015 860 2078; baseline -0.008 -9"><span class='ocrx_word' id='word_1_101' title='bbox 212 2021 313 2070; x_wconf 85' lang='lat' dir='ltr'><strong>Incidit.</strong></span> <span class='ocrx_word' id='word_1_102' title='bbox 347 2019 398 2068; x_wconf 85' lang='lat' dir='ltr'><strong>Ast</strong></span> <span class='ocrx_word' id='word_1_103' title='bbox 409 2020 451 2068; x_wconf 82' lang='lat' dir='ltr'><strong>alil</strong></span> <span class='ocrx_word' id='word_1_104' title='bbox 461 2019 576 2078; x_wconf 85' lang='lat' dir='ltr'><strong>subeunt,</strong></span> <span class='ocrx_word' id='word_1_105' title='bbox 590 2033 636 2066; x_wconf 85' lang='lat' dir='ltr'><strong>nec</strong></span> <span class='ocrx_word' id='word_1_106' title='bbox 647 2031 716 2076; x_wconf 83' lang='lat' dir='ltr'><strong>saxa,</strong></span> <span class='ocrx_word' id='word_1_107' title='bbox 726 2032 771 2066; x_wconf 88' lang='lat' dir='ltr'><strong>nsc</strong></span> <span class='ocrx_word' id='word_1_108' title='bbox 781 2015 860 2064; x_wconf 90' lang='lat' dir='ltr'><strong>ullum</strong></span> 
     </span>
     <span class='ocr_line' id='line_1_20' title="bbox 212 2101 620 2162; baseline -0.01 -13"><span class='ocrx_word' id='word_1_109' title='bbox 212 2101 329 2149; x_wconf 79' lang='lat' dir='ltr'><strong>Telorum</strong></span> <span class='ocrx_word' id='word_1_110' title='bbox 340 2101 434 2148; x_wconf 80' lang='lat' dir='ltr'><strong>interes</strong></span> <span class='ocrx_word' id='word_1_111' title='bbox 444 2106 524 2148; x_wconf 84' lang='lat' dir='ltr'><strong>cessat</strong></span> <span class='ocrx_word' id='word_1_112' title='bbox 533 2113 620 2162; x_wconf 84' lang='lat' dir='ltr'><strong>genus.</strong></span> 
     </span>
    </p>

    <p class='ocr_par' dir='ltr' id='par_1_13' title="bbox 246 2176 911 2242">
     <span class='ocr_line' id='line_1_21' title="bbox 246 2176 911 2242; baseline -0.005 -16"><span class='ocrx_word' id='word_1_113' title='bbox 246 2179 408 2228; x_wconf 81' lang='lat' dir='ltr'><strong>Vestibulum</strong></span> <span class='ocrx_word' id='word_1_114' title='bbox 435 2187 493 2228; x_wconf 87' lang='lat' dir='ltr'><strong>ants</strong></span> <span class='ocrx_word' id='word_1_115' title='bbox 522 2179 603 2242; x_wconf 86' lang='lat' dir='ltr'><strong>ipsum</strong></span> <span class='ocrx_word' id='word_1_116' title='bbox 624 2177 752 2241; x_wconf 81' lang='lat' dir='ltr'><strong>primoque</strong></span> <span class='ocrx_word' id='word_1_117' title='bbox 774 2176 801 2224; x_wconf 89' lang='lat' dir='ltr'><strong>in</strong></span> <span class='ocrx_word' id='word_1_118' title='bbox 828 2176 911 2224; x_wconf 81' lang='lat' dir='ltr'><strong>limine</strong></span> 
     </span>
    </p>

    <p class='ocr_par' dir='ltr' id='par_1_14' title="bbox 306 2256 421 2323">
     <span class='ocr_line' id='line_1_22' title="bbox 306 2256 421 2323; baseline 0.009 -18"><span class='ocrx_word' id='word_1_119' title='bbox 306 2256 421 2323; x_wconf 85' lang='lat' dir='ltr'><strong>Pyrrhus</strong></span> 
     </span>
    </p>

    <p class='ocr_par' dir='ltr' id='par_1_15' title="bbox 206 2336 910 2882">
     <span class='ocr_line' id='line_1_23' title="bbox 210 2336 728 2399; baseline -0.006 -14"><span class='ocrx_word' id='word_1_120' title='bbox 210 2336 340 2397; x_wconf 82' lang='lat' dir='ltr'><strong>Exsultat,</strong></span> <span class='ocrx_word' id='word_1_121' title='bbox 351 2336 408 2386; x_wconf 86' lang='lat' dir='ltr'><strong>telis</strong></span> <span class='ocrx_word' id='word_1_122' title='bbox 419 2345 444 2386; x_wconf 89' lang='lat' dir='ltr'><strong>et</strong></span> <span class='ocrx_word' id='word_1_123' title='bbox 455 2337 510 2386; x_wconf 87' lang='lat' dir='ltr'><strong>luce</strong></span> <span class='ocrx_word' id='word_1_124' title='bbox 520 2352 639 2386; x_wconf 88' lang='lat' dir='ltr'><strong>coruscus</strong></span> <span class='ocrx_word' id='word_1_125' title='bbox 649 2350 728 2399; x_wconf 78' lang='lat' dir='ltr'><strong>aena3</strong></span> 
     </span>
     <span class='ocr_line' id='line_1_24' title="bbox 210 2415 900 2479; baseline -0.001 -15"><span class='ocrx_word' id='word_1_126' title='bbox 210 2415 297 2476; x_wconf 85' lang='lat' dir='ltr'><strong>Qualis</strong></span> <span class='ocrx_word' id='word_1_127' title='bbox 303 2416 346 2464; x_wconf 92' lang='lat' dir='ltr'><strong>ubi</strong></span> <span class='ocrx_word' id='word_1_128' title='bbox 373 2417 399 2464; x_wconf 87' lang='lat' dir='ltr'><strong>in</strong></span> <span class='ocrx_word' id='word_1_129' title='bbox 408 2416 487 2465; x_wconf 89' lang='lat' dir='ltr'><strong>lucem</strong></span> <span class='ocrx_word' id='word_1_130' title='bbox 498 2417 597 2466; x_wconf 87' lang='lat' dir='ltr'><strong>coluber</strong></span> <span class='ocrx_word' id='word_1_131' title='bbox 607 2415 673 2464; x_wconf 85' lang='lat' dir='ltr'><strong>mals</strong></span> <span class='ocrx_word' id='word_1_132' title='bbox 683 2415 796 2479; x_wconf 85' lang='lat' dir='ltr'><strong>gramina</strong></span> <span class='ocrx_word' id='word_1_133' title='bbox 806 2421 900 2479; x_wconf 85' lang='lat' dir='ltr'><strong>pastus,</strong></span> 
     </span>
     <span class='ocr_line' id='line_1_25' title="bbox 208 2495 889 2561; baseline -0.003 -17"><span class='ocrx_word' id='word_1_134' title='bbox 208 2496 312 2561; x_wconf 83' lang='lat' dir='ltr'><strong>Frigida</strong></span> <span class='ocrx_word' id='word_1_135' title='bbox 324 2496 369 2544; x_wconf 92' lang='lat' dir='ltr'><strong>sub</strong></span> <span class='ocrx_word' id='word_1_136' title='bbox 381 2504 448 2545; x_wconf 84' lang='lat' dir='ltr'><strong>terra</strong></span> <span class='ocrx_word' id='word_1_137' title='bbox 459 2496 582 2544; x_wconf 87' lang='lat' dir='ltr'><strong>tumidum</strong></span> <span class='ocrx_word' id='word_1_138' title='bbox 592 2510 666 2560; x_wconf 88' lang='lat' dir='ltr'><strong>quem</strong></span> <span class='ocrx_word' id='word_1_139' title='bbox 680 2496 768 2543; x_wconf 87' lang='lat' dir='ltr'><strong>bruma</strong></span> <span class='ocrx_word' id='word_1_140' title='bbox 779 2495 889 2559; x_wconf 83' lang='lat' dir='ltr'><strong>tegebat,</strong></span> 
     </span>
     <span class='ocr_line' id='line_1_26' title="bbox 208 2571 867 2640; baseline -0.003 -15"><span class='ocrx_word' id='word_1_141' title='bbox 208 2575 290 2638; x_wconf 84' lang='lat' dir='ltr'><strong>Nunc,</strong></span> <span class='ocrx_word' id='word_1_142' title='bbox 300 2577 388 2640; x_wconf 88' lang='lat' dir='ltr'><strong>positis</strong></span> <span class='ocrx_word' id='word_1_143' title='bbox 399 2591 477 2624; x_wconf 86' lang='lat' dir='ltr'><strong>novus</strong></span> <span class='ocrx_word' id='word_1_144' title='bbox 489 2577 586 2624; x_wconf 84' lang='lat' dir='ltr'><strong>exuviis</strong></span> <span class='ocrx_word' id='word_1_145' title='bbox 596 2574 738 2639; x_wconf 86' lang='lat' dir='ltr'><strong>nitidusque</strong></span> <span class='ocrx_word' id='word_1_146' title='bbox 754 2571 867 2635; x_wconf 84' lang='lat' dir='ltr'><strong>iuventa,</strong></span> 
     </span>
     <span class='ocr_line' id='line_1_27' title="bbox 206 2638 876 2720; baseline -0.006 -15"><span class='ocrx_word' id='word_1_147' title='bbox 206 2656 314 2705; x_wconf 84' lang='lat' dir='ltr'><strong>Lubrica</strong></span> <span class='ocrx_word' id='word_1_148' title='bbox 329 2655 453 2705; x_wconf 86' lang='lat' dir='ltr'><strong>convolvit</strong></span> <span class='ocrx_word' id='word_1_149' title='bbox 464 2655 561 2705; x_wconf 78' lang='lat' dir='ltr'><strong>sublato</strong></span> <span class='ocrx_word' id='word_1_150' title='bbox 570 2663 670 2720; x_wconf 85' lang='lat' dir='ltr'><strong>pectore</strong></span> <span class='ocrx_word' id='word_1_151' title='bbox 680 2661 752 2719; x_wconf 85' lang='lat' dir='ltr'><strong>terga</strong></span> <span class='ocrx_word' id='word_1_152' title='bbox 871 2638 876 2654; x_wconf 63' lang='lat'>⁸</span> 
     </span>
     <span class='ocr_line' id='line_1_28' title="bbox 207 2734 860 2801; baseline -0.005 -14"><span class='ocrx_word' id='word_1_153' title='bbox 207 2737 312 2787; x_wconf 86' lang='lat' dir='ltr'><strong>Arduus</strong></span> <span class='ocrx_word' id='word_1_154' title='bbox 325 2737 357 2786; x_wconf 87' lang='lat' dir='ltr'><strong>ad</strong></span> <span class='ocrx_word' id='word_1_155' title='bbox 369 2736 456 2798; x_wconf 89' lang='lat' dir='ltr'><strong>solem,</strong></span> <span class='ocrx_word' id='word_1_156' title='bbox 466 2744 492 2785; x_wconf 89' lang='lat' dir='ltr'><strong>et</strong></span> <span class='ocrx_word' id='word_1_157' title='bbox 502 2736 594 2801; x_wconf 86' lang='lat' dir='ltr'><strong>linguis</strong></span> <span class='ocrx_word' id='word_1_158' title='bbox 604 2735 680 2784; x_wconf 85' lang='lat' dir='ltr'><strong>micat</strong></span> <span class='ocrx_word' id='word_1_159' title='bbox 690 2750 733 2783; x_wconf 87' lang='lat' dir='ltr'><strong>ore</strong></span> <span class='ocrx_word' id='word_1_160' title='bbox 745 2734 860 2784; x_wconf 87' lang='lat' dir='ltr'><strong>trisulcis.</strong></span> 
     </span>
     <span class='ocr_line' id='line_1_29' title="bbox 207 2811 910 2882; baseline -0.004 -15"><span class='ocrx_word' id='word_1_161' title='bbox 207 2819 265 2868; x_wconf 90' lang='lat' dir='ltr'><strong>Una</strong></span> <span class='ocrx_word' id='word_1_162' title='bbox 276 2821 365 2882; x_wconf 75' lang='lat' dir='ltr'><strong>ingens</strong></span> <span class='ocrx_word' id='word_1_163' title='bbox 376 2811 499 2882; x_wconf 75' lang='lat' dir='ltr'><strong>Pdriphas</strong></span> <span class='ocrx_word' id='word_1_164' title='bbox 510 2823 536 2866; x_wconf 80' lang='lat' dir='ltr'><strong>ct</strong></span> <span class='ocrx_word' id='word_1_165' title='bbox 544 2829 665 2881; x_wconf 84' lang='lat' dir='ltr'><strong>equorum</strong></span> <span class='ocrx_word' id='word_1_166' title='bbox 674 2815 783 2879; x_wconf 79' lang='lat' dir='ltr'><strong>agitator</strong></span> <span class='ocrx_word' id='word_1_167' title='bbox 794 2815 910 2873; x_wconf 86' lang='lat' dir='ltr'><strong>Achillis,</strong></span> 
     </span>
    </p>
   </div>
   <div class='ocr_carea' id='block_1_7' title="bbox 0 0 1040 3542">
    <p class='ocr_par' dir='ltr' id='par_1_16' title="bbox 0 0 1040 3542">
     <span class='ocr_line' id='line_1_30' title="bbox 0 0 1040 3542; baseline 0 5"><span class='ocrx_word' id='word_1_168' title='bbox 0 0 1040 3542; x_wconf 95' lang='lat' dir='ltr'><strong> </strong></span> 
     </span>
    </p>
   </div>
  </div>
 </body>
</html>
